@book{AnalyticalDyn-Baruh,
author = {Baruh, Haim},
file = {:home/juanjqo/Documents/Papers/RelatedGauss/[Haim{\_}Baruh]{\_}Analytical{\_}Dynamics.pdf:pdf},
isbn = {0073659770},
pages = {314--315},
publisher = {WCB/McGraw-Hill},
title = {{Analytical Dynamics}},
year = {1999}
}
