@inproceedings{Escande2010a,
author = {Escande, Adrien and Mansard, Nicolas and Wieber, Pierre-Brice},
booktitle = {2010 IEEE International Conference on Robotics and Automation},
doi = {10.1109/ROBOT.2010.5509953},
file = {:home/juanjqo/.local/share/data/Mendeley Ltd./Mendeley Desktop/Downloaded/Escande, Mansard, Wieber - 2010 - Fast resolution of hierarchized inverse kinematics with inequality constraints.pdf:pdf},
isbn = {978-1-4244-5038-1},
keywords = {HQP},
mendeley-tags = {HQP},
month = {may},
pages = {3733--3738},
publisher = {IEEE},
title = {{Fast resolution of hierarchized inverse kinematics with inequality constraints}},
url = {http://ieeexplore.ieee.org/document/5509953/},
year = {2010}
}

@article{Kanoun2011,
author = {Kanoun, Oussama and Lamiraux, Florent and Wieber, Pierre-Brice},
doi = {10.1109/TRO.2011.2142450},
file = {:home/juanjqo/.local/share/data/Mendeley Ltd./Mendeley Desktop/Downloaded/Kanoun, Lamiraux, Wieber - 2011 - Kinematic Control of Redundant Manipulators Generalizing the Task-Priority Framework to Inequality (2).pdf:pdf},
issn = {1552-3098},
journal = {IEEE Transactions on Robotics},
month = {aug},
number = {4},
pages = {785--792},
title = {{Kinematic Control of Redundant Manipulators: Generalizing the Task-Priority Framework to Inequality Task}},
url = {http://ieeexplore.ieee.org/lpdocs/epic03/wrapper.htm?arnumber=5766760},
volume = {27},
year = {2011}
}