@article{Beardon96,
author = {Beardon, A. F.},
doi = {10.1080/00029890.1996.12004725},
file = {:home/juanjqo/Desktop/Beardon.pdf:pdf},
issn = {0002-9890},
journal = {The American Mathematical Monthly},
keywords = {Sums},
mendeley-tags = {Sums},
month = {mar},
number = {3},
pages = {201--213},
title = {{Sums of Powers of Integers}},
url = {https://www.tandfonline.com/doi/full/10.1080/00029890.1996.12004725},
volume = {103},
year = {1996}
}
