%% This BibTeX bibliography file was created using BibDesk.
%% http://bibdesk.sourceforge.net/

%% Created for Joan Sol√† at 2020-04-21 19:10:15 +0200 


%% Saved with string encoding Unicode (UTF-8) 



@article{DERAY-20-manif,
	Author = {J{\'e}r{\'e}mie Deray and Joan Sol{\`a}},
	Date-Added = {2020-04-21 19:09:37 +0200},
	Date-Modified = {2020-04-21 19:10:02 +0200},
	Doi = {10.21105/joss.01371},
	Journal = {Journal of Open Source Software},
	Number = {46},
	Pages = {1371},
	Publisher = {The Open Journal},
	Title = {Manif: A micro Lie theory library for state estimation in robotics applications},
	Url = {https://doi.org/10.21105/joss.01371},
	Volume = {5},
	Year = {2020},
	Bdsk-Url-1 = {https://doi.org/10.21105/joss.01371}}

@book{CHIRIKJIAN-11,
	Author = {Chirikjian, G.S.},
	Date-Added = {2019-01-31 12:40:38 +0100},
	Date-Modified = {2019-01-31 12:41:30 +0100},
	Isbn = {9780817649449},
	Lccn = {2009933211},
	Publisher = {Birkh{\"a}user Boston},
	Series = {Applied and Numerical Harmonic Analysis},
	Title = {Stochastic Models, Information Theory, and Lie Groups, Volume 2: Analytic Methods and Modern Applications},
	Url = {https://books.google.ch/books?id=hZ1CAAAAQBAJ},
	Year = {2011},
	Bdsk-Url-1 = {https://books.google.ch/books?id=hZ1CAAAAQBAJ}}

@article{ILA-17_SLAM++,
	Abstract = { The most common way to deal with the uncertainty present in noisy sensorial perception and action is to model the problem with a probabilistic framework. Maximum likelihood estimation is a well-known estimation method used in many robotic and computer vision applications. Under Gaussian assumption, the maximum likelihood estimation converts to a nonlinear least squares problem. Efficient solutions to nonlinear least squares exist and they are based on iteratively solving sparse linear systems until convergence. In general, the existing solutions provide only an estimation of the mean state vector, the resulting covariance being computationally too expensive to recover. Nevertheless, in many simultaneous localization and mapping (SLAM) applications, knowing only the mean vector is not enough. Data association, obtaining reduced state representations, active decisions and next best view are only a few of the applications that require fast state covariance recovery. Furthermore, computer vision and robotic applications are in general performed online. In this case, the state is updated and recomputed every step and its size is continuously growing, therefore, the estimation process may become highly computationally demanding.This paper introduces a general framework for incremental maximum likelihood estimation called SLAM++, which fully benefits from the incremental nature of the online applications, and provides efficient estimation of both the mean and the covariance of the estimate. Based on that, we propose a strategy for maintaining a sparse and scalable state representation for large scale mapping, which uses information theory measures to integrate only informative and non-redundant contributions to the state representation. SLAM++ differs from existing implementations by performing all the matrix operations by blocks. This led to extremely fast matrix manipulation and arithmetic operations used in nonlinear least squares. Even though this paper tests SLAM++ efficiency on SLAM problems, its applicability remains general. },
	Author = {Viorela Ila and Lukas Polok and Marek Solony and Pavel Svoboda},
	Date-Added = {2019-01-07 18:28:13 +0100},
	Date-Modified = {2019-01-07 18:32:15 +0100},
	Doi = {10.1177/0278364917691110},
	Eprint = {https://doi.org/10.1177/0278364917691110},
	Journal = {The International Journal of Robotics Research},
	Number = {2},
	Pages = {210-230},
	Title = {{SLAM++} - A highly efficient and temporally scalable incremental {SLAM} framework},
	Url = {https://doi.org/10.1177/0278364917691110},
	Volume = {36},
	Year = {2017},
	Bdsk-Url-1 = {https://doi.org/10.1177/0278364917691110}}

@book{ABBASPOUR-2007-Basic_Lie_theory,
	Author = {Abbaspour, Hossein and Moskowitz, Martin},
	Date-Added = {2018-12-13 09:13:24 +0100},
	Date-Modified = {2018-12-13 09:13:24 +0100},
	Doi = {10.1142/6462},
	Eprint = {https://worldscientific.com/doi/pdf/10.1142/6462},
	Publisher = {WORLD SCIENTIFIC},
	Title = {Basic Lie Theory},
	Url = {https://worldscientific.com/doi/abs/10.1142/6462},
	Year = {2007},
	Bdsk-Url-1 = {https://worldscientific.com/doi/abs/10.1142/6462},
	Bdsk-Url-2 = {https://doi.org/10.1142/6462}}

@techreport{SOLA-18-Lie,
	Address = {Barcelona},
	Author = {Joan Sol\`a and Jeremie Deray and Dinesh Atchuthan},
	Date-Added = {2018-12-04 17:45:11 +0100},
	Date-Modified = {2018-12-04 17:46:58 +0100},
	Institution = {{Institut de Rob\`otica i Inform\`atica Industrial}},
	Number = {IRI-TR-18-01},
	Title = {A micro {L}ie theory for state estimation in robotics},
	Year = {2018}}

@article{SOLA-17-Quaternion,
	Archiveprefix = {arXiv},
	Author = {Joan Sol{\`{a}}},
	Bibsource = {dblp computer science bibliography, https://dblp.org},
	Biburl = {https://dblp.org/rec/bib/journals/corr/abs-1711-02508},
	Date-Added = {2018-11-22 00:16:07 +0100},
	Date-Modified = {2018-11-22 00:16:07 +0100},
	Eprint = {1711.02508},
	Journal = {CoRR},
	Timestamp = {Mon, 13 Aug 2018 16:48:15 +0200},
	Title = {Quaternion kinematics for the error-state {K}alman filter},
	Url = {http://arxiv.org/abs/1711.02508},
	Volume = {abs/1711.02508},
	Year = {2017},
	Bdsk-Url-1 = {http://arxiv.org/abs/1711.02508}}

@techreport{SOLA-15-QUAT,
	Address = {Barcelona},
	Author = {Joan Sol\`a},
	Date-Added = {2018-11-22 00:15:30 +0100},
	Date-Modified = {2018-11-22 00:15:30 +0100},
	Institution = {{Institut de Rob\`otica i Inform\`atica Industrial}},
	Note = {hal-01122406},
	Title = {Quaternion kinematics for the error-state {Kalman} filter},
	Url = {https://hal.archives-ouvertes.fr/hal-01122406},
	Year = {2015},
	Bdsk-Url-1 = {https://hal.archives-ouvertes.fr/hal-01122406}}

@book{SELIG-13,
	Author = {J. M. Selig},
	Date-Added = {2018-11-16 11:31:19 +0100},
	Date-Modified = {2018-11-16 11:33:11 +0100},
	Publisher = {{S}pringer {S}cience \& {B}usiness {M}edia},
	Title = {Geometrical Methods in Robotics},
	Year = {2013}}

@book{FERNANDEZ-MADRIGAL-12,
	Author = {Juan-Antonio Fern{\'a}ndez-Madrigal},
	Date-Added = {2018-11-16 11:21:14 +0100},
	Date-Modified = {2018-11-16 11:22:17 +0100},
	Publisher = {{IGI G}lobal},
	Title = {Simultaneous Localization and Mapping for Mobile Robots: Introduction and Methods},
	Year = {2012}}

@book{STILLWELL-08,
	Author = {John Stillwell},
	Date-Added = {2018-10-29 22:27:37 +0100},
	Date-Modified = {2018-10-29 22:28:53 +0100},
	Publisher = {Springer-Verlag New York},
	Title = {Naive {L}ie Theory},
	Year = {2008}}

@article{Howe-Basic_Lie,
	Address = {New Haven, USA},
	Author = {Rober Howe},
	Date-Added = {2018-10-24 13:11:41 +0200},
	Date-Modified = {2018-12-12 23:58:31 +0100},
	Institution = {Yale University},
	Journal = {The American Mathematical Monthly},
	Pages = {600--623},
	Title = {Very basic {L}ie theory},
	Volume = {90},
	Year = {1983}}

@techreport{GALLEGO-13,
	Author = {Guillermo Gallego and Anthony Yezzi},
	Date-Added = {2018-10-24 13:05:01 +0200},
	Date-Modified = {2018-10-24 13:06:08 +0200},
	Title = {A compact formula for the derivative of a 3-{D} rotation in exponential coordinates},
	Year = {2013}}

@book{BARFOOT-17-Estimation,
	Author = {Barfoot, Timothy D.},
	Date-Added = {2018-09-19 12:38:11 +0200},
	Date-Modified = {2018-09-19 12:38:37 +0200},
	Doi = {10.1017/9781316671528},
	Place = {Cambridge},
	Publisher = {Cambridge University Press},
	Title = {State Estimation for Robotics},
	Year = {2017},
	Bdsk-Url-1 = {https://doi.org/10.1017/9781316671528}}

@article{DELLAERT-IJRR-06,
	Author = {F. Dellaert and M. Kaess},
	Date-Added = {2018-09-10 17:45:12 +0200},
	Date-Modified = {2018-09-10 17:45:31 +0200},
	Journal = IJRR,
	Number = {12},
	Pages = {1181--1203},
	Publisher = SAGE,
	Title = {{Square Root SAM: Simultaneous Localization and Mapping via Square Root Information Smoothing}},
	Volume = {25},
	Year = {2006}}

@article{CELLEDONI-99-liegroup,
	Author = {Elena Celledoni and Brynjulf Owren},
	Date-Added = {2018-08-23 11:58:34 +0200},
	Date-Modified = {2018-08-23 11:58:52 +0200},
	Journal = {Computer Methods in Applied Mechanics and Engineering},
	Pages = {421--438},
	Title = {Lie Group Methods for Rigid Body Dynamics and Time Integration on Manifolds},
	Volume = {19},
	Year = {1999}}

@article{BARFOOT-14,
	Author = {T. D. Barfoot and P. T. Furgale},
	Date-Added = {2018-08-08 11:04:20 +0000},
	Date-Modified = {2018-08-08 11:04:46 +0000},
	Doi = {10.1109/TRO.2014.2298059},
	Issn = {1552-3098},
	Journal = {IEEE Transactions on Robotics},
	Keywords = {matrix algebra;pose estimation;three-dimensional poses;pose variables;transformation matrices;exponential-map generators;nonlinear camera model;pose estimation;Uncertainty;Robots;Compounds;Estimation;Covariance matrices;Noise;Probability density function;Exponential maps;homogeneous points;matrix Lie groups;pose uncertainty;transformation matrices},
	Month = {June},
	Number = {3},
	Pages = {679-693},
	Title = {Associating Uncertainty With Three-Dimensional Poses for Use in Estimation Problems},
	Volume = {30},
	Year = {2014},
	Bdsk-Url-1 = {http://dx.doi.org/10.1109/TRO.2014.2298059}}

@techreport{EADE-Lie,
	Author = {Ethan Eade},
	Date-Added = {2018-08-03 15:46:41 +0000},
	Date-Modified = {2018-08-03 15:47:03 +0000},
	Title = {Lie Groups for 2D and 3D Transformations}}

@article{forster2017-TRO,
	Author = {C. Forster and L. Carlone and F. Dellaert and D. Scaramuzza},
	Booktitle = {IEEE Transactions on Robotics},
	Date-Added = {2017-11-20 17:23:38 +0000},
	Date-Modified = {2017-11-20 17:24:32 +0000},
	Doi = {10.1109/TRO.2016.2597321},
	Isbn = {1552-3098},
	Journal = {IEEE Transactions on Robotics},
	Journal1 = {IEEE Transactions on Robotics},
	Keywords = {computer vision; computerised instrumentation; distance measurement; graph theory; inertial systems; maximum likelihood estimation; nonlinear programming; factor graph; incremental-smoothing algorithm; maximum a posteriori state estimation; monocular VIO pipeline evaluation; nonlinear optimization; on-manifold preintegration theory; preintegrated inertial measurement unit model; real-time visual-inertial odometry; structureless model; visual measurement; Computational modeling; Estimation; Jacobian matrices; Manifolds; Optimization; Real-time systems; Smoothing methods; Computer vision; sensor fusion; visual--inertial odometry (VIO)},
	Number = {1},
	Pages = {1--21},
	Title = {On-Manifold Preintegration for Real-Time Visual--Inertial Odometry},
	Ty = {JOUR},
	Vo = {33},
	Volume = {33},
	Year = {2017},
	Year1 = {Feb. 2017},
	Bdsk-Url-1 = {http://dx.doi.org/10.1109/TRO.2016.2597321}}

@article{PENATE-13,
	Author = {A. Penate-Sanchez, J. Andrade-Cetto and F. Moreno-Noguer},
	Date-Added = {2015-06-02 11:22:20 +0000},
	Date-Modified = {2015-06-02 11:23:21 +0000},
	Journal = {IEEE Transactions on Pattern Analysis and Machine Intelligence},
	Number = {10},
	Pages = {2387--2400},
	Title = {Exhaustive linearization for robust camera pose and focal length estimation},
	Volume = {35},
	Year = {2013}}

@article{SANTAMARIA-15,
	Author = {A. Santamaria-Navarro, E.H. Teniente, M. Morta and J. Andrade-Cetto},
	Date-Added = {2015-06-02 10:55:57 +0000},
	Date-Modified = {2015-06-02 10:57:34 +0000},
	Journal = {Journal of Field Robotics},
	Number = {1},
	Pages = {42--60},
	Title = {Terrain classification in complex three-dimensional outdoor environments},
	Volume = {32},
	Year = {2015}}

@inproceedings{AGRAWAL-05,
	Address = {Washington, DC, USA},
	Author = {Motilal Agrawal and Kurt Konolige and Luca Iocchi},
	Booktitle = {IEEE Workshop on Motion and Video Computing (WACV/MOTION'05)},
	Date-Modified = {2008-08-09 23:48:28 +0200},
	Doi = {http://dx.doi.org/10.1109/ACVMOT.2005.98},
	Isbn = {0-7695-2271-8-2},
	Keywords = {independent motion, real time},
	Pages = {207-214},
	Publisher = {IEEE Computer Society},
	Title = {Real-Time Detection of Independent Motion using Stereo},
	Volume = {2},
	Year = {2005},
	Bdsk-Url-1 = {http://dx.doi.org/10.1109/ACVMOT.2005.98}}

@article{ANGELAKI-08-VESTIBULAR-NEURO,
	Author = {Angelaki, Dora E. and Cullen, Kathleen E.},
	Date-Added = {2015-06-02 10:07:52 +0000},
	Date-Modified = {2015-06-02 10:09:05 +0000},
	Doi = {10.1146/annurev.neuro.31.060407.125555},
	Eprint = {http://dx.doi.org/10.1146/annurev.neuro.31.060407.125555},
	Journal = {Annual Review of Neuroscience},
	Note = {PMID: 18338968},
	Number = {1},
	Pages = {125-150},
	Title = {Vestibular System: The Many Facets of a Multimodal Sense},
	Url = {http://dx.doi.org/10.1146/annurev.neuro.31.060407.125555},
	Volume = {31},
	Year = {2008},
	Bdsk-Url-1 = {http://dx.doi.org/10.1146/annurev.neuro.31.060407.125555}}

@inproceedings{BAILEY-03,
	Author = {Tim Bailey},
	Booktitle = {Int. Conf. on Robotics and Automation},
	Date-Modified = {2010-06-26 13:50:48 +0200},
	Keywords = {SLAM, bearings only, initialization, delayed},
	Optmonth = {September},
	Pages = {1966-1971},
	Title = {Constrained Initialisation for Bearing-Only {SLAM}},
	Volume = {2},
	Year = {2003}}

@misc{BAILEY-06b,
	Author = {Tim Bailey and Hugh Durrant-Whyte},
	Date-Added = {2006-12-08 16:07:43 +0100},
	Date-Modified = {2010-06-26 14:03:32 +0200},
	Journal = {Robotics and Automation Magazine},
	Keywords = {SLAM, survey},
	Read = {No},
	Title = {Simultaneous Localisation and Mapping ({SLAM}): Part {II}, State of the Art},
	Year = {2006}}

@inproceedings{BAILEY-06c,
	Address = {Beijing, China},
	Author = {Tim Bailey and Nieto, J. and Guivant, J. and Stevens, M. and Nebot, E.},
	Booktitle = {IEEE/RSJ Int. Conf. on Intelligent Robots and Systems},
	Date-Added = {2009-02-23 11:20:39 +0100},
	Date-Modified = {2010-06-26 13:50:48 +0200},
	Month = {October},
	Pages = {3562-3568},
	Title = {Consistency of the {EKF-SLAM} Algorithm},
	Year = {2006},
	Bdsk-File-1 = {YnBsaXN0MDDSAQIDBFxyZWxhdGl2ZVBhdGhZYWxpYXNEYXRhXxAqLi4vQXJ0aWNsZXMgZCdhbHRyaS9TTEFNL2JhaWxleWVrZnNsYW0ucGRmTxEB0AAAAAAB0AACAAAMTWFjaW50b3NoIEhEAAAAAAAAAAAAAAAAAAAA0Ghht0grAAAABTcxEWJhaWxleWVrZnNsYW0ucGRmAAAAAAAAAAAAAAAAAAAAAAAAAAAAAAAAAAAAAAAAAAAAAAAAAAAAAAAAAAAAAAAFN1/HkOhGAAAAAAAAAAAAAQADAAAJIAAAAAAAAAAAAAAAAAAAAARTTEFNABAACAAA0GhFlwAAABEACAAAx5DaNgAAAAEAGAAFNzEABTb9AAU2pQAFNqEABTMqAADABgACAFlNYWNpbnRvc2ggSEQ6VXNlcnM6AGpzb2xhOgBEb2N1bWVudHM6AEFydGljbGVzOgBBcnRpY2xlcyBkJ2FsdHJpOgBTTEFNOgBiYWlsZXlla2ZzbGFtLnBkZgAADgAkABEAYgBhAGkAbABlAHkAZQBrAGYAcwBsAGEAbQAuAHAAZABmAA8AGgAMAE0AYQBjAGkAbgB0AG8AcwBoACAASABEABIARlVzZXJzL2pzb2xhL0RvY3VtZW50cy9BcnRpY2xlcy9BcnRpY2xlcyBkJ2FsdHJpL1NMQU0vYmFpbGV5ZWtmc2xhbS5wZGYAEwABLwAAFQACAAz//wAAAAgADQAaACQAUQAAAAAAAAIBAAAAAAAAAAUAAAAAAAAAAAAAAAAAAAIl}}

@inproceedings{BARFOOT-05,
	Author = {T. D. Barfoot},
	Booktitle = {IEEE/RSJ Int. Conf. on Intelligent Robots and Systems},
	Date-Modified = {2008-08-09 23:50:30 +0200},
	Keywords = {Visual Odometry, hardware},
	Month = {August},
	Pages = {579-585},
	Title = {Online Visual Motion Estimation using {FastSLAM} with {SIFT} Features},
	Year = {2005}}

@inproceedings{BONARINI-2006,
	Author = {Andrea Bonarini and Wolfram Burgard and Giulio Fontana and Matteo Matteucci and Domenico Giorgio Sorrenti and Juan Domingo Tard\'os},
	Booktitle = {In proceedings of IROS'06 Workshop on Benchmarks in Robotics Research},
	Date-Added = {2010-10-24 17:14:56 +0200},
	Date-Modified = {2011-09-29 20:54:53 +0200},
	Opturl = {http://www.robot.uji.es/EURON/en/iros06.htm},
	Title = {{RAWSEEDS}: {R}obotics {A}dvancement through {W}eb-publishing of {S}ensorial and {E}laborated {E}xtensive {D}ata {S}ets},
	Year = {2006},
	Bdsk-Url-1 = {http://www.robot.uji.es/EURON/en/iros06.htm}}

@inproceedings{BOSSE-03,
	Author = {Michael Bosse and Paul M. Newman and John J. Leonard and Seth Teller},
	Booktitle = {IEEE Int. Conf. on Robotics and Automation},
	Date-Added = {2009-02-23 14:17:16 +0100},
	Date-Modified = {2010-09-05 22:28:13 +0200},
	Pages = {1899-1906},
	Title = {An {Atlas} framework for scalable mapping},
	Year = {2003}}

@inproceedings{BRIERE-03,
	Author = {Briere, Y. and Parra, C. and Bordeneuve-Guib{\'e}, J. and Sol\`a, Joan},
	Booktitle = {Advances in Control Education 2003: A Proceedings Volume from the 6th IFAC Symposium, Oulu, Finland, 16-18 June 2003},
	Date-Added = {2012-11-20 18:51:20 +0000},
	Date-Modified = {2012-11-21 20:44:30 +0000},
	Isbn = {978-0-08-043559-6},
	Journal = {Advances in Control Education 2003 (ACE 2003): A Proceedings Volume from the 6th IFAC Symposium, Oulu, Finland, 16-18 June 2003},
	Pages = {273},
	Publisher = {Elsevier Science \& Technology},
	Title = {A mini aerial vehicle as a support for modelling, control and estimation teaching},
	Year = {2003}}

@inproceedings{BURGARD-09,
	Address = {Saint Louis, USA},
	Author = {Wolfram Burgard and Cyrill Stachniss and Giorgio Grisetti and Bastian Steder and Rainer K\"ummerle and Christian Dornhege and Michael Ruhnke and Alexander Kleiner and Juan Domingo Tard\'os},
	Booktitle = {IEEE/RSJ Int. Conf. on Intelligent Robots and Systems},
	Date-Added = {2010-01-15 14:07:07 +0100},
	Date-Modified = {2010-09-05 22:31:09 +0200},
	Month = {Oct.},
	Title = {A Comparison of {SLAM} Algorithms Based on a Graph of Relations},
	Year = {2009},
	Bdsk-File-1 = {YnBsaXN0MDDSAQIDBFxyZWxhdGl2ZVBhdGhZYWxpYXNEYXRhXxAxLi4vQXJ0aWNsZXMgZCdhbHRyaS9TTEFNL2J1cmdhcmQwOS1tZXRyaWNTTEFNLnBkZk8RAewAAAAAAewAAgAADE1hY2ludG9zaCBIRAAAAAAAAAAAAAAAAAAAANBoYbdIKwAAAAU3MRhidXJnYXJkMDktbWV0cmljU0xBTS5wZGYAAAAAAAAAAAAAAAAAAAAAAAAAAAAAAAAAAAAAAAAAAAAAAAAAAAAABTdhx5DoRgAAAAAAAAAAAAEAAwAACSAAAAAAAAAAAAAAAAAAAAAEU0xBTQAQAAgAANBoRZcAAAARAAgAAMeQ2jYAAAABABgABTcxAAU2/QAFNqUABTahAAUzKgAAwAYAAgBgTWFjaW50b3NoIEhEOlVzZXJzOgBqc29sYToARG9jdW1lbnRzOgBBcnRpY2xlczoAQXJ0aWNsZXMgZCdhbHRyaToAU0xBTToAYnVyZ2FyZDA5LW1ldHJpY1NMQU0ucGRmAA4AMgAYAGIAdQByAGcAYQByAGQAMAA5AC0AbQBlAHQAcgBpAGMAUwBMAEEATQAuAHAAZABmAA8AGgAMAE0AYQBjAGkAbgB0AG8AcwBoACAASABEABIATVVzZXJzL2pzb2xhL0RvY3VtZW50cy9BcnRpY2xlcy9BcnRpY2xlcyBkJ2FsdHJpL1NMQU0vYnVyZ2FyZDA5LW1ldHJpY1NMQU0ucGRmAAATAAEvAAAVAAIADP//AAAACAANABoAJABYAAAAAAAAAgEAAAAAAAAABQAAAAAAAAAAAAAAAAAAAkg=}}

@inproceedings{CASTELLANOS-07,
	Author = {Jos\'e \'Angel Castellanos and R. Martinez-Cantin and Juan Domingo Tard\'os and Jos\'e Neira},
	Booktitle = {Robotics and Autonomous Systems},
	Date-Added = {2009-12-23 12:02:50 +0100},
	Date-Modified = {2010-09-05 22:31:37 +0200},
	Number = {1},
	Pages = {21-29},
	Title = {Robocentric map joining: improving the consistency of {EKF-SLAM}},
	Volume = {55},
	Year = {2007}}

@inproceedings{CASTELLANOS-99,
	Author = {Jos\'e \'Angel Castellanos and Jos\'e Mar\'ia Mart\'inez Montiel and Jos\'e Neira and Juan Domingo Tard\'os},
	Booktitle = {IEEE Int. Conf. on Robotics and Automation},
	Date-Modified = {2013-01-26 11:16:58 +0000},
	Optmonth = {October},
	Optpages = {948-952},
	Optyear = {1999},
	Title = {The {SP}map: A probabilistic framework for simultaneous localization and map building},
	Volume = {15},
	Year = {1999}}

@inproceedings{CASTELLANOS-04,
	Address = {Lisboa, PT},
	Author = {Jos\'e \'Angel Castellanos and Jos\'e Neira and Juan Domingo Tard\'os},
	Booktitle = {5th IFAC Symp. on Intelligent Autonomous Vehicles},
	Date-Modified = {2010-09-05 22:31:37 +0200},
	Keywords = {SLAM, consistency},
	Month = {July},
	Title = {Limits to the consistency of the {EKF}-based {SLAM}},
	Year = {2004}}

@article{CERIANI-2009,
	Author = {Simone Ceriani and Giulio Fontana and Alessandro Giusti and Daniele Marzorati and Matteo Matteucci and Davide Migliore and Davide Rizzi and Domenico Giorgio Sorrenti and Pierluigi Taddei},
	Date-Added = {2010-10-24 17:16:27 +0200},
	Date-Modified = {2011-09-29 20:55:47 +0200},
	Journal = {Autonomous Robots},
	Number = {4},
	Optdoi = {10.1007/s10514-009-9156-5},
	Opturl = {http://www.springerlink.com/content/k924032g72818h53/},
	Pages = {353-371},
	Title = {Rawseeds ground truth collection systems for indoor self-localization and mapping},
	Volume = {27},
	Year = {2009},
	Bdsk-Url-1 = {http://www.springerlink.com/content/k924032g72818h53/},
	Bdsk-Url-2 = {http://dx.doi.org/10.1007/s10514-009-9156-5}}

@inproceedings{CERIANI-11,
	Author = {Simone Ceriani and Daniele Marzorati and Matteo Matteucci and Davide Migliore and Domenico Giorgio Sorrenti},
	Booktitle = {IFAC WC},
	Date-Added = {2011-09-03 19:30:21 +0200},
	Date-Modified = {2011-09-29 20:55:47 +0200},
	Title = {On Feature Parameterization for EKF-Based Monocular SLAM},
	Year = {2011}}

@inproceedings{CHATILA-85,
	Address = {St. Louis},
	Author = {Raja Chatila and Jean Paul Laumond},
	Booktitle = {IEEE Int. Conf. on Robotics and Automation},
	Date-Modified = {2010-06-26 14:02:44 +0200},
	Optpublisher = {IEEE},
	Pages = {138-145},
	Title = {Position Referencing and Consistent World Modeling for Mobile Robots},
	Year = {1985}}

@phdthesis{CIVERA-09,
	Author = {Javier Civera},
	Date-Added = {2009-12-23 11:47:12 +0100},
	Date-Modified = {2010-06-26 13:52:11 +0200},
	Month = {Sept.},
	School = {Universidad de Zaragoza},
	Title = {Real-time {EKF}-{B}ased {S}tructure from {M}otion},
	Year = {2009}}

@article{CIVERA-08,
	Author = {Javier Civera and Andrew J. Davison and Jos\'e Mar\'ia Mart\'inez Montiel},
	Date-Added = {2008-08-06 18:34:56 +0200},
	Date-Modified = {2011-09-03 18:55:23 +0200},
	Journal = {IEEE Trans. on Robotics},
	Keywords = {Inverse Depth, undelayed, initialization},
	Number = {5},
	Title = {Inverse Depth Parametrization for Monocular {SLAM}},
	Volume = {24},
	Year = {2008}}

@inproceedings{CIVERA-07,
	Author = {Javier Civera and Andrew J. Davison and Jos\'e Mar\'ia Mart\'inez Montiel},
	Booktitle = {IEEE Int. Conf. on Robotics and Automation},
	Date-Added = {2008-05-07 12:58:48 +0200},
	Date-Modified = {2011-09-03 18:55:23 +0200},
	Keywords = {Inverse Depth, undelayed, initialization},
	Month = {April},
	Pages = {2778 -2783},
	Title = {{Inverse Depth to Depth Conversion for Monocular SLAM}},
	Year = {2007},
	Bdsk-Url-1 = {http://pubs.doc.ic.ac.uk/inverse-depth-conversion/}}

@inproceedings{CIVERA-07b,
	Author = {Javier Civera and Andrew J. Davison and Jos\'e Mar\'ia Mart\'inez Montiel},
	Booktitle = {Iberian Conf. of Pattern Recognition and Image Analysis},
	Date-Added = {2007-06-14 10:25:13 +0200},
	Date-Modified = {2011-09-03 18:55:23 +0200},
	Month = {June},
	Title = {{Dimensionless Monocular SLAM}},
	Year = {2007},
	Bdsk-Url-1 = {http://pubs.doc.ic.ac.uk/dimensionless-monocular-slam/}}

@inproceedings{CIVERA-09b,
	Author = {Javier Civera and Oscar G. Grasa and Andrew J. Davison and Jos\'e Mar\'ia Mart\'inez Montiel},
	Booktitle = {IEEE/RSJ Int. Conf. on Intelligent Robots and Systems},
	Date-Added = {2010-10-22 00:32:32 +0200},
	Date-Modified = {2011-09-03 18:55:23 +0200},
	Title = {1-Point {RANSAC} for {EKF}-Based Structure from Motion},
	Year = {2009}}

@inproceedings{Concha-14,
	Author = {A. Concha and J. Civera},
	Booktitle = {2014 IEEE International Conference on Robotics and Automation (ICRA)},
	Date-Added = {2016-06-13 21:00:07 +0000},
	Date-Modified = {2016-06-13 21:00:20 +0000},
	Doi = {10.1109/ICRA.2014.6906883},
	Issn = {1050-4729},
	Keywords = {SLAM (robots);image matching;stereo image processing;3D initialization;estimation error;homogeneous texture;image regions;multiview stereo system;point-based PTAM;point-based monocular SLAM maps;quantitative analysis;superpixel matching;superpixel textureless areas;Cameras;Image reconstruction;Optimization;Robustness;Simultaneous localization and mapping;Three-dimensional displays;Visualization},
	Month = {May},
	Pages = {365-372},
	Title = {Using superpixels in monocular SLAM},
	Year = {2014},
	Bdsk-Url-1 = {http://dx.doi.org/10.1109/ICRA.2014.6906883}}

@inproceedings{COROMINAS-16,
	Author = {A. Corominas-Murtra and J. Vallv{\'e} and J. Sol{\`a} and I. Flores and J. Andrade-Cetto},
	Booktitle = {2016 IEEE International Conference on Robotics and Automation (ICRA)},
	Date-Added = {2016-08-06 11:22:20 +0000},
	Date-Modified = {2016-08-06 11:22:38 +0000},
	Doi = {10.1109/ICRA.2016.7487484},
	Keywords = {distance measurement;mobile robots;observability;remotely operated vehicles;robot vision;sensor placement;Doppler error;autonomous navigation;autonomous vehicles;observability analysis;optimal sensor placement;optimal vehicle sensor placement;redundant estimation process;redundant system;robust localization;stereo radar odometry system;Azimuth;Doppler effect;Doppler radar;Jacobian matrices;Radar detection;Vehicles},
	Month = {May},
	Pages = {3161-3166},
	Title = {Observability analysis and optimal sensor placement in stereo radar odometry},
	Year = {2016},
	Bdsk-Url-1 = {http://dx.doi.org/10.1109/ICRA.2016.7487484}}

@article{DAVISON-05,
	Address = {Los Alamitos, CA, USA},
	Author = {Andrew J. Davison},
	Date-Added = {2007-04-03 18:41:10 +0200},
	Date-Modified = {2010-06-26 13:52:47 +0200},
	Doi = {http://doi.ieeecomputersociety.org/10.1109/ICCV.2005.29},
	Issn = {1550-5499},
	Journal = {Int. Conf. on Computer Vision},
	Pages = {66-73},
	Publisher = {IEEE Computer Society},
	Title = {Active Search for Real-Time Vision},
	Volume = {1},
	Year = {2005},
	Bdsk-Url-1 = {http://doi.ieeecomputersociety.org/10.1109/ICCV.2005.29}}

@inproceedings{DAVISON-03,
	Abstract = {Ego-motion estimation for an agile single camera moving through general, unknown scenes becomes a much more challenging problem when real-time performance is required rather than under the off-line processing conditions under which most successful structure from motion work has been achieved. This task of estimating camera motion from measurements of a continuously expanding set of self- mapped visual features is one of a class of problems known as Simultaneous Localisation and Mapping (SLAM) in the robotics community, and we argue that such real-time mapping research, despite rarely being camera-based, is more relevant here than off-line structure from motion methods due to the more fundamental emphasis placed on propagation of uncertainty. We present a top-down Bayesian framework for single-camera localisation via mapping of a sparse set of natural features using motion modelling and an information-guided active measurement strategy, in particular addressing the dificult issue of real-time feature initialisation via a factored sampling approach. Real-time handling of un- certainty permits robust localisation via the creating and active measurement of a sparse map of landmarks such that regions can be re-visited after periods of neglect and localisation can continue through periods when few features are visible. Results are presented of real-time localisation for a hand-waved camera with very sparse prior scene knowledge and all processing carried out on a desktop PC.},
	Address = {Nice},
	Author = {Andrew J. Davison},
	Booktitle = {Int. Conf. on Computer Vision},
	Date-Modified = {2010-06-26 13:52:47 +0200},
	Keywords = {single camera, real time, SFM, vision},
	Month = {October},
	Pages = {1403-1410},
	Title = {Real-Time Simultaneous Localisation and Mapping with a Single Camera},
	Volume = {2},
	Year = {2003}}

@article{DAVISON-07,
	Author = {Andrew J. Davison and Ian D. Reid and Nicholas D. Molton and Olivier Stasse},
	Date-Added = {2007-06-11 14:34:12 +0200},
	Date-Modified = {2010-06-26 13:52:47 +0200},
	Journal = {Trans. on Pattern Analysis and Machine Intelligence},
	Month = {June},
	Number = {6},
	Pages = {1052-1067},
	Title = {Mono{SLAM}: Real-Time Single Camera {SLAM}},
	Volume = {29},
	Year = {2007},
	Bdsk-File-1 = {YnBsaXN0MDDSAQIDBFxyZWxhdGl2ZVBhdGhZYWxpYXNEYXRhXxAyLi4vQXJ0aWNsZXMgZCdhbHRyaS9TTEFNL2Rhdmlzb25fZXRhbF9wYW1pMjAwNy5wZGZPEQHwAAAAAAHwAAIAAAxNYWNpbnRvc2ggSEQAAAAAAAAAAAAAAAAAAADQaGG3SCsAAAAFNzEZZGF2aXNvbl9ldGFsX3BhbWkyMDA3LnBkZgAAAAAAAAAAAAAAAAAAAAAAAAAAAAAAAAAAAAAAAAAAAAAAAAAAAAU3aceQ6EhQREYgQ0FSTwABAAMAAAkgAAAAAAAAAAAAAAAAAAAABFNMQU0AEAAIAADQaEWXAAAAEQAIAADHkNo4AAAAAQAYAAU3MQAFNv0ABTalAAU2oQAFMyoAAMAGAAIAYU1hY2ludG9zaCBIRDpVc2VyczoAanNvbGE6AERvY3VtZW50czoAQXJ0aWNsZXM6AEFydGljbGVzIGQnYWx0cmk6AFNMQU06AGRhdmlzb25fZXRhbF9wYW1pMjAwNy5wZGYAAA4ANAAZAGQAYQB2AGkAcwBvAG4AXwBlAHQAYQBsAF8AcABhAG0AaQAyADAAMAA3AC4AcABkAGYADwAaAAwATQBhAGMAaQBuAHQAbwBzAGgAIABIAEQAEgBOVXNlcnMvanNvbGEvRG9jdW1lbnRzL0FydGljbGVzL0FydGljbGVzIGQnYWx0cmkvU0xBTS9kYXZpc29uX2V0YWxfcGFtaTIwMDcucGRmABMAAS8AABUAAgAM//8AAAAIAA0AGgAkAFkAAAAAAAACAQAAAAAAAAAFAAAAAAAAAAAAAAAAAAACTQ==}}

@inproceedings{DEANS-00,
	Author = {Matthew Deans and Martial Hebert},
	Booktitle = {Int. Symp. on Experimental Robotics},
	Date-Added = {2007-05-16 10:57:38 +0200},
	Date-Modified = {2008-05-26 23:15:57 +0200},
	Month = {December},
	Title = {Experimental comparison of techniques for localization and mapping using a bearings only sensor},
	Year = {2000}}

@inproceedings{DIEBEL-04,
	Address = {Sendai, Japan},
	Author = {J. Diebel and K. Reutersw{\"a}rd and Thrun, Sebastian and J. Davis, R. Gupta},
	Booktitle = {IEEE/RSJ Int. Conf. on Intelligent Robots and Systems},
	Date-Added = {2007-06-08 00:08:33 +0200},
	Date-Modified = {2011-09-29 20:59:44 +0200},
	Month = {October},
	Pages = {3436-3443},
	Title = {Simultaneous Localization and Mapping with Active Stereo Vision},
	Volume = {4},
	Year = {2004}}

@article{DISSANAYAKE-01,
	Author = {Gamini Dissanayake and Paul M. Newman and Hugh Durrant-Whyte and Clark and Csorba},
	Date-Modified = {2010-06-27 13:34:03 +0200},
	Journal = {IEEE Trans. on Robotic and Automation},
	Keywords = {Theorem},
	Number = {3},
	Pages = {229-241},
	Title = {A solution to the simultaneous localization and map building ({SLAM}) problem},
	Url = {http://oceanai.mit.edu/pnewman/papers/SLAM_TransRandA.pdf},
	Volume = {17},
	Year = {2001},
	Bdsk-Url-1 = {http://oceanai.mit.edu/pnewman/papers/SLAM_TransRandA.pdf}}

@misc{BAILEY-06a,
	Author = {Hugh Durrant-Whyte and Tim Bailey},
	Date-Added = {2006-12-08 16:12:14 +0100},
	Date-Modified = {2010-06-26 14:03:32 +0200},
	Journal = {Add data for field: Journal},
	Keywords = {SLAM, survey},
	Title = {Simultaneous Localisation and Mapping ({SLAM}): Part {I}, The Essential Algorithms},
	Year = {2006}}

@inproceedings{ROYER05,
	Address = {Barcelona},
	Author = {E.Royer and J. Bom and M. Dhome and B. Thuillot and M. Lhuillier and F. Marmoitton},
	Booktitle = {IEEE Int. Conf. on Robotics and Automation},
	Date-Modified = {2007-09-13 11:19:25 -0700},
	Month = {April},
	Pages = {3395-3400},
	Title = {Outdoor autonomous navigation using monocular vision},
	Year = {2005}}

@inproceedings{EADE-07,
	Author = {Ethan Eade and Tom Drummond},
	Booktitle = {IEEE Int. Conf. on Computer Vision},
	Date-Added = {2009-09-03 14:07:21 +0200},
	Date-Modified = {2010-06-04 10:11:36 +0200},
	Title = {Monocular {SLAM} as a Graph of Coalesced Observations},
	Year = {2007},
	Bdsk-File-1 = {YnBsaXN0MDDSAQIDBFxyZWxhdGl2ZVBhdGhZYWxpYXNEYXRhXxAyLi4vQXJ0aWNsZXMgZCdhbHRyaS9TTEFNL0VhZGVEcnVtbW9uZEljY3ZmaW5hbC5wZGZPEQHwAAAAAAHwAAIAAAxNYWNpbnRvc2ggSEQAAAAAAAAAAAAAAAAAAADQaGG3SCsAAAAFNzEZRWFkZURydW1tb25kSWNjdmZpbmFsLnBkZgAAAAAAAAAAAAAAAAAAAAAAAAAAAAAAAAAAAAAAAAAAAAAAAAAAAAU3PseQ6EoAAAAAAAAAAAABAAMAAAkgAAAAAAAAAAAAAAAAAAAABFNMQU0AEAAIAADQaEWXAAAAEQAIAADHkNo6AAAAAQAYAAU3MQAFNv0ABTalAAU2oQAFMyoAAMAGAAIAYU1hY2ludG9zaCBIRDpVc2VyczoAanNvbGE6AERvY3VtZW50czoAQXJ0aWNsZXM6AEFydGljbGVzIGQnYWx0cmk6AFNMQU06AEVhZGVEcnVtbW9uZEljY3ZmaW5hbC5wZGYAAA4ANAAZAEUAYQBkAGUARAByAHUAbQBtAG8AbgBkAEkAYwBjAHYAZgBpAG4AYQBsAC4AcABkAGYADwAaAAwATQBhAGMAaQBuAHQAbwBzAGgAIABIAEQAEgBOVXNlcnMvanNvbGEvRG9jdW1lbnRzL0FydGljbGVzL0FydGljbGVzIGQnYWx0cmkvU0xBTS9FYWRlRHJ1bW1vbmRJY2N2ZmluYWwucGRmABMAAS8AABUAAgAM//8AAAAIAA0AGgAkAFkAAAAAAAACAQAAAAAAAAAFAAAAAAAAAAAAAAAAAAACTQ==}}

@article{EADE-06,
	Address = {Los Alamitos, CA, USA},
	Author = {Ethan Eade and Tom Drummond},
	Date-Modified = {2007-09-13 11:19:36 -0700},
	Doi = {http://doi.ieeecomputersociety.org/10.1109/CVPR.2006.263},
	Issn = {1063-6919},
	Journal = {IEEE Int. Conf. on Computer Vision and Pattern Recognition},
	Pages = {469-476},
	Publisher = {IEEE Computer Society},
	Title = {Scalable Monocular {SLAM}},
	Volume = {1},
	Year = {2006},
	Bdsk-Url-1 = {http://doi.ieeecomputersociety.org/10.1109/CVPR.2006.263}}

@inproceedings{EADE-06b,
	Address = {Edimburgh, Scotland},
	Author = {Ethan Eade and Tom Drummond},
	Booktitle = {British Machine Vision Conf.},
	Date-Added = {2008-09-01 10:57:29 +0200},
	Date-Modified = {2008-09-01 10:57:29 +0200},
	Month = {September},
	Title = {Edge landmarks in monocular {SLAM}},
	Year = {2006}}

@inproceedings{ELINAS-06,
	Author = {Pantelis Elinas and Robert Sim and James J. Little},
	Booktitle = {IEEE Int. Conf. on Robotics and Automation},
	Date-Added = {2007-06-08 00:17:09 +0200},
	Date-Modified = {2010-06-26 14:04:46 +0200},
	Title = {{$\sigma$-SLAM}: {S}tereo Vision {SLAM} Using the {R}ao-{B}lackwellised Particle Filter and a Novel Mixture Proposal Distribution},
	Year = {2006}}

@inproceedings{ENDRES-12-EVAL,
	Author = {Endres, Felix and Hess, J{\"u}rgen and Engelhard, Nikolas and Sturm, J{\"u}rgen and Cremers, Daniel and Burgard, Wolfram},
	Booktitle = {Robotics and Automation (ICRA), 2012 IEEE International Conference on},
	Date-Added = {2015-06-02 09:58:22 +0000},
	Date-Modified = {2015-06-02 09:58:47 +0000},
	Organization = {IEEE},
	Pages = {1691--1696},
	Title = {An evaluation of the RGB-D SLAM system},
	Year = {2012}}

@article{ESTRADA-05,
	Author = {C. Estrada and Jos\'e Neira and Juan Domingo Tard\'os},
	Date-Added = {2006-12-08 17:18:09 +0100},
	Date-Modified = {2010-09-05 22:32:03 +0200},
	Journal = {IEEE Trans. on Robotics},
	Local-Url = {http://webdiis.unizar.es/~jdtardos/papers/Estrada_TRO_2005.pdf},
	Number = {4},
	Pages = {588-596},
	Title = {Hierarchical {SLAM}: real-time accurate mapping of large environments},
	Volume = {21},
	Year = {2005},
	Bdsk-Url-1 = {http://webdiis.unizar.es/~jdtardos/papers/Estrada_TRO_2005.pdf}}

@inproceedings{REUSTICE-05,
	Address = {Barcelona},
	Author = {Eustice, R. and Singh, H. and John J. Leonard},
	Booktitle = {IEEE Int. Conf. on Robotics and Automation},
	Date-Added = {2006-12-11 11:00:44 +0100},
	Date-Modified = {2010-06-26 14:05:52 +0200},
	Month = {April},
	Pages = {2428-2435},
	Title = {Exactly Sparse Delayed-State Filters},
	Year = {2005}}

@inproceedings{FOLKESSON-05,
	Address = {Barcelona},
	Author = {John Folkesson and Patric Jensfelt and Henrik I. Christensen},
	Booktitle = {IEEE Int. Conf. on Robotics and Automation},
	Date-Added = {2007-06-08 00:22:08 +0200},
	Date-Modified = {2008-08-05 17:40:35 +0200},
	Pages = {30-35},
	Title = {Vision {SLAM} in the Measurement Subspace},
	Year = {2005}}

@techreport{FORSTER-16-techrep,
	Author = {Christian Forster and Luca Carlone and Frank Dellaert and Davide Scaramuzza},
	Institution = {Robotics and Perception Group, University of Zurich},
	Owner = {jsola},
	Timestamp = {2017.07.26},
	Title = {On-Manifold Preintegration for Real-Time Visual-Inertial Odometry},
	Year = {2016}}

@inproceedings{FOXLIN-02,
	Address = {Lausanne, Switzerland},
	Author = {E. M. Foxlin},
	Booktitle = {IEEE/RSJ Int. Conf. on Intelligent Robots and Systems},
	Date-Modified = {2008-08-05 17:50:20 +0200},
	Optaddress = {Lausanne, Switzerland},
	Optmonth = {October},
	Optorganization = {InterSense Incorporated, Burlington, MA, USA},
	Pages = {527-533},
	Title = {Generalized Architecture for Simultaneous Localization, Auto-Calibration, and Map-building},
	Volume = {1},
	Year = {2002}}

@inproceedings{FRESE-05,
	Author = {Frese, U.},
	Booktitle = {Robotics and Automation, 2005. ICRA 2005. Proceedings of the 2005 IEEE International Conference on},
	Date-Added = {2015-03-19 15:10:26 +0000},
	Date-Modified = {2015-03-19 15:10:52 +0000},
	Doi = {10.1109/ROBOT.2005.1570140},
	Keywords = {Information Matrix;SEIF;SLAM;Sparsification;TJTF;treemap;Covariance matrix;Equations;Information filters;Least squares approximation;Least squares methods;Robotics and automation;Robots;Simultaneous localization and mapping;Sparse matrices;Uncertainty;Information Matrix;SEIF;SLAM;Sparsification;TJTF;treemap},
	Month = {April},
	Pages = {329-335},
	Title = {A Proof for the Approximate Sparsity of SLAM Information Matrices},
	Year = {2005},
	Bdsk-Url-1 = {http://dx.doi.org/10.1109/ROBOT.2005.1570140}}

@inproceedings{GEE-08,
	Author = {Andrew P. Gee and Denis Chekhlov and Andrew Calway and Walterio Mayol-Cuevas},
	Booktitle = {IEEE Trans. on Robotics special issue on Visual {SLAM}},
	Date-Added = {2010-01-04 00:02:47 +0100},
	Date-Modified = {2010-06-26 14:06:26 +0200},
	Month = {Oct.},
	Number = {5},
	Pages = {980-990},
	Title = {Discovering Higher Level Structure in Visual {SLAM}},
	Volume = {24},
	Year = {2008}}

@inproceedings{GEE-06,
	Author = {Andrew P. Gee and W.W. Mayol},
	Booktitle = {LNCS proceedings of the 2nd International Symposium on Visual Computing},
	Date-Added = {2010-01-04 20:29:20 +0100},
	Date-Modified = {2010-06-26 14:06:26 +0200},
	Month = {Nov.},
	Title = {Real-Time Model-Based {SLAM} Using Line Segments},
	Year = {2006}}

@inproceedings{PIRJANIAN-05,
	Author = {Goncalves, L. and di Bernardo, E. and Benson, D. and Svedman, M. and Ostrowski, J. and Karlsson, N. and Pirjanian, P.},
	Booktitle = {IEEE Int. Conf. on Robotics and Automation},
	Date-Modified = {2011-09-03 18:52:52 +0200},
	Title = {A Visual Front-end for Simultaneous Localization and Mapping.},
	Year = {2005}}

@article{GRISETTI-10-GRAPHSLAM,
	Author = {Grisetti, G. and K{\"u}mmerle, R. and Stachniss, C. and Burgard, W.},
	Date-Added = {2015-03-14 19:42:18 +0000},
	Date-Modified = {2015-03-14 19:42:50 +0000},
	Doi = {10.1109/MITS.2010.939925},
	Issn = {1939-1390},
	Journal = {Intelligent Transportation Systems Magazine, IEEE},
	Keywords = {SLAM (robots);mobile robots;path planning;graph based SLAM;least square error minimization;mobile robot;navigation;simultaneous localization and mapping;spatial configuration;Global Positioning System;Graph theory;Mapping;Mobile robots;Tutorials},
	Month = {winter},
	Number = {4},
	Pages = {31-43},
	Title = {A Tutorial on Graph-Based SLAM},
	Volume = {2},
	Year = {2010},
	Bdsk-Url-1 = {http://dx.doi.org/10.1109/MITS.2010.939925}}

@inproceedings{HANER-10,
	Address = {Istambul, Turkey},
	Author = {Sebastian Haner and Anders Heyden},
	Booktitle = {Int. Conf. on Pattern Recognition},
	Date-Added = {2010-09-11 13:12:48 +0200},
	Date-Modified = {2010-09-11 13:14:55 +0200},
	Month = {August},
	Title = {On-line Structure and Motion Estimation based on an Novel Parameterized Extended {K}alman Filter},
	Year = {2010}}

@inproceedings{HOLMES-08,
	Address = {Pasadena},
	Author = {S. A. Holmes and Georg Klein and David Murray},
	Booktitle = {IEEE Int. Conf. on Robotics and Automation},
	Date-Added = {2009-09-03 22:01:11 +0200},
	Date-Modified = {2011-09-29 20:56:22 +0200},
	Title = {A Square Root {UKF} for visual mono{SLAM}},
	Year = {2008}}

@inproceedings{HUANG-08,
	Address = {Pasadena, USA},
	Author = {Huang, G.P. and Mourikis, A.I. and Stergios I. Roumeliotis},
	Booktitle = {IEEE Int. Conf. on Robotics and Automation},
	Date-Modified = {2011-10-22 21:13:36 +0200},
	Month = {April},
	Pages = {473-479},
	Title = {Analysis and improvement of the consistency of extended Kalman filter based SLAM},
	Year = {2008}}

@inproceedings{HUANG-07,
	Author = {Shoudong Huang and Gamini Dissanayake},
	Booktitle = {IEEE Transactions on Robotics},
	Date-Added = {2010-06-27 13:26:12 +0200},
	Date-Modified = {2010-06-27 13:30:30 +0200},
	Number = {5},
	Pages = {1036-1049},
	Title = {Convergence and Consistency Analysis for Extended {K}alman Filter based {SLAM}},
	Volume = {23},
	Year = {2007}}

@inproceedings{KAESS-11-ISAM2,
	Author = {M. Kaess and H. Johannsson and R. Roberts and V. Ila and J. Leonard and F. Dellaert},
	Booktitle = {Robotics and Automation (ICRA), 2011 IEEE International Conference on},
	Date-Added = {2016-06-12 18:28:02 +0000},
	Date-Modified = {2016-06-12 18:29:26 +0000},
	Doi = {10.1109/ICRA.2011.5979641},
	Issn = {1050-4729},
	Keywords = {Bayes methods;SLAM (robots);mobile robots;sparse matrices;tree data structures;Bayes tree;Bayes tree data structure;SLAM;fluid relinearization;graph based version;graphical model based interpretation;iSAM2;incremental smoothing and mapping;incremental variable reordering;mobile robots;sparse matrix factorization methods;square root information matrix;Accuracy;Graphical models;Simultaneous localization and mapping;Smoothing methods;Sparse matrices;Trajectory},
	Month = {May},
	Pages = {3281-3288},
	Title = {{iSAM2}: {I}ncremental smoothing and mapping with fluid relinearization and incremental variable reordering},
	Year = {2011},
	Bdsk-Url-1 = {http://dx.doi.org/10.1109/ICRA.2011.5979641}}

@article{KAESS-08-ISAM,
	Author = {Kaess, M. and Ranganathan, A. and Dellaert, F.},
	Date-Added = {2015-03-14 19:37:19 +0000},
	Date-Modified = {2015-03-14 19:37:38 +0000},
	Doi = {10.1109/TRO.2008.2006706},
	Issn = {1552-3098},
	Journal = {Robotics, IEEE Transactions on},
	Keywords = {SLAM (robots);matrix decomposition;mobile robots;position control;sensor fusion;smoothing methods;sparse matrices;data association;incremental matrix factorization;incremental smoothing-mapping;periodic variable reordering;robot trajectory;simultaneous localization and mapping problem;sparse smoothing information matrix;uncertainty estimation;Data association;localization;mapping;mobile robots;nonlinear estimation;simultaneous localization and mapping (SLAM);smoothing},
	Month = {Dec},
	Number = {6},
	Pages = {1365-1378},
	Title = {iSAM: Incremental Smoothing and Mapping},
	Volume = {24},
	Year = {2008},
	Bdsk-Url-1 = {http://dx.doi.org/10.1109/TRO.2008.2006706}}

@inproceedings{KERL-13-DENSE,
	Author = {Kerl, Christian and Sturm, J{\"u}rgen and Cremers, Daniel},
	Booktitle = {Intelligent Robots and Systems (IROS), 2013 IEEE/RSJ International Conference on},
	Date-Added = {2015-06-02 09:53:50 +0000},
	Date-Modified = {2015-06-02 09:54:08 +0000},
	Organization = {IEEE},
	Pages = {2100--2106},
	Title = {Dense visual SLAM for RGB-D cameras},
	Year = {2013}}

@inproceedings{KJUN-03,
	Address = {Nice},
	Author = {Il Kjun and Simon Lacroix},
	Booktitle = {IEEE International Conference on Computer Vision},
	Date-Added = {2008-06-09 10:40:38 +0200},
	Date-Modified = {2009-04-04 20:12:28 +0200},
	Pages = {946-951},
	Title = {High resolution terrain mapping using low altitude aerial stereo imagery},
	Year = {2003}}

@inproceedings{KLEIN-08,
	Address = {Marseille},
	Author = {Georg Klein and David Murray},
	Booktitle = {10th European Conference on Computer Vision},
	Date-Added = {2010-06-04 10:07:09 +0200},
	Date-Modified = {2010-06-27 13:32:10 +0200},
	Month = {October},
	Pages = {802-815},
	Title = {Improving the Agility of Keyframe-Based {SLAM}},
	Year = {2008}}

@inproceedings{KLEIN-07,
	Author = {Georg Klein and David Murray},
	Booktitle = {Proceedings of the 2007 6th IEEE and ACM International Symposium on Mixed and Augmented Reality},
	Date-Added = {2010-01-06 11:37:47 +0100},
	Date-Modified = {2011-09-29 20:56:22 +0200},
	Organization = {IEEE Computer Society},
	Pages = {1-10},
	Title = {Parallel tracking and mapping for small {AR} workspaces},
	Year = {2007},
	Bdsk-File-1 = {YnBsaXN0MDDSAQIDBFxyZWxhdGl2ZVBhdGhZYWxpYXNEYXRhXxAxLi4vQXJ0aWNsZXMgZCdhbHRyaS9TTEFNL0tsZWluTXVycmF5MjAwN0lTTUFSLnBkZk8RAewAAAAAAewAAgAADE1hY2ludG9zaCBIRAAAAAAAAAAAAAAAAAAAANBoYbdIKwAAAAU3MRhLbGVpbk11cnJheTIwMDdJU01BUi5wZGYAAAAAAAAAAAAAAAAAAAAAAAAAAAAAAAAAAAAAAAAAAAAAAAAAAAAABTdJx5DoTAAAAAAAAAAAAAEAAwAACSAAAAAAAAAAAAAAAAAAAAAEU0xBTQAQAAgAANBoRZcAAAARAAgAAMeQ2jwAAAABABgABTcxAAU2/QAFNqUABTahAAUzKgAAwAYAAgBgTWFjaW50b3NoIEhEOlVzZXJzOgBqc29sYToARG9jdW1lbnRzOgBBcnRpY2xlczoAQXJ0aWNsZXMgZCdhbHRyaToAU0xBTToAS2xlaW5NdXJyYXkyMDA3SVNNQVIucGRmAA4AMgAYAEsAbABlAGkAbgBNAHUAcgByAGEAeQAyADAAMAA3AEkAUwBNAEEAUgAuAHAAZABmAA8AGgAMAE0AYQBjAGkAbgB0AG8AcwBoACAASABEABIATVVzZXJzL2pzb2xhL0RvY3VtZW50cy9BcnRpY2xlcy9BcnRpY2xlcyBkJ2FsdHJpL1NMQU0vS2xlaW5NdXJyYXkyMDA3SVNNQVIucGRmAAATAAEvAAAVAAIADP//AAAACAANABoAJABYAAAAAAAAAgEAAAAAAAAABQAAAAAAAAAAAAAAAAAAAkg=}}

@inproceedings{KLIPPENSTEIN-07,
	Address = {Harbin, China},
	Author = {Jonathan Klippenstein and Hong Zhang and Xiang Wang},
	Booktitle = {Int. Conf. on Mechatronics and Automation},
	Date-Added = {2008-01-29 21:56:08 -0800},
	Date-Modified = {2008-05-26 23:16:49 +0200},
	Title = {Feature Initialization for Bearing-Only Visual {SLAM} Using Triangulation and the Unscented Transform},
	Year = {2007}}

@inproceedings{KONOLIGE-05,
	Address = {Barcelona},
	Author = {Kurt Konolige},
	Booktitle = {IEEE Int. Conf. on Robotics and Automation},
	Date-Added = {2006-12-08 16:28:15 +0100},
	Date-Modified = {2008-05-28 00:23:43 +0200},
	Month = {April},
	Pages = {667-672},
	Title = {{SLAM} via variable reduction from constraints maps},
	Year = {2005}}

@article{KONOLIGE-08b,
	Author = {Kurt Konolige and Motilal Agrawal},
	Date-Added = {2009-09-03 14:11:42 +0200},
	Date-Modified = {2009-09-03 14:14:32 +0200},
	Journal = {IEEE Trans. on Robotics},
	Month = {Oct.},
	Number = {5},
	Pages = {1066-1077},
	Title = {Frame{SLAM}: From Bundle Adjustment to Real-Time Visual Mapping},
	Volume = {24},
	Year = {2008}}

@article{KONOLIGE-08,
	Author = {Kurt Konolige and Motilal Agrawal and Morten Rufus Blas and Robert C. Bolles and Brian Gerkey and Joan Sol\`a and Aravind Sundaresan},
	Date-Added = {2009-02-03 20:31:26 +0100},
	Date-Modified = {2012-11-16 14:52:08 +0000},
	Doi = {10.1002/rob.20271},
	Issn = {1556-4959},
	Journal = {Journal of Field Robotics},
	Number = {1},
	Pages = {88-113},
	Title = {Mapping, navigation, and learning for off-road traversal},
	Url = {http://dx.doi.org/10.1002/rob.20271},
	Volume = {26},
	Year = {2008},
	Bdsk-Url-1 = {http://dx.doi.org/10.1002/rob.20271}}

@incollection{KONOLIGE-11,
	Author = {Konolige, Kurt and Agrawal, Motilal and Sol\`a, Joan},
	Booktitle = {Robotics Research},
	Date-Added = {2012-11-15 23:12:46 +0000},
	Date-Modified = {2012-11-21 10:58:12 +0000},
	Doi = {10.1007/978-3-642-14743-2_18},
	Editor = {Kaneko, Makoto and Nakamura, Yoshihiko},
	Isbn = {978-3-642-14742-5},
	Issn = {1610-7438},
	Pages = {201-212},
	Publisher = {Springer Berlin Heidelberg},
	Series = {Springer Tracts in Advanced Robotics},
	Title = {Large-Scale Visual Odometry for Rough Terrain},
	Url = {http://dx.doi.org/10.1007/978-3-642-14743-2_18},
	Volume = {66},
	Year = {2011},
	Bdsk-Url-1 = {http://dx.doi.org/10.1007/978-3-642-14743-2_18}}

@inproceedings{KONOLIGE-07,
	Address = {Hiroshima, Japan},
	Author = {Kurt Konolige and Motilal Agrawal and Joan Sol\`a},
	Booktitle = {Int. Symp. on Robotics Research},
	Date-Added = {2007-09-05 15:17:15 -0700},
	Date-Modified = {2012-11-20 21:42:20 +0000},
	Month = {November},
	Title = {Large-Scale Visual Odometry for rough terrain},
	Year = {2007}}

@inproceedings{KUMMERLE-11-G2O,
	Author = {Kummerle, R. and Grisetti, G. and Strasdat, H. and Konolige, K. and Burgard, W.},
	Booktitle = {Robotics and Automation (ICRA), 2011 IEEE International Conference on},
	Date-Added = {2015-03-19 10:43:10 +0000},
	Date-Modified = {2015-03-19 10:43:30 +0000},
	Doi = {10.1109/ICRA.2011.5979949},
	Issn = {1050-4729},
	Keywords = {C++ language;SLAM (robots);graph theory;least squares approximations;optimisation;robot vision;BA;SLAM;bundle adjustment;computer vision;error function;g2o;general framework;graph optimization;least squares optimization;open source C++ framework;robot vision;simultaneous localization and mapping;Barium;Jacobian matrices;Linear systems;Optimization;Simultaneous localization and mapping;Sparse matrices},
	Month = {May},
	Pages = {3607-3613},
	Title = {G2o: A general framework for graph optimization},
	Year = {2011},
	Bdsk-Url-1 = {http://dx.doi.org/10.1109/ICRA.2011.5979949}}

@inproceedings{KWOK-04,
	Address = {Sendai, Japan},
	Author = {Ngai Ming Kwok and Gamini Dissanayake},
	Booktitle = {IEEE/RSJ Int. Conf. on Intelligent Robots and Systems},
	Date-Modified = {2011-09-29 20:58:28 +0200},
	Optmonth = {September 28 - October 2},
	Title = {An efficient Multiple Hypothesis Filter for Bearing-Only {SLAM}},
	Year = {2004}}

@inproceedings{KWOK-03,
	Address = {Brisbane, Australia},
	Author = {Ngai Ming Kwok and Gamini Dissanayake},
	Booktitle = {Australasian Conf. on Robotics and Automation (ACRA)},
	Date-Added = {2010-01-11 10:27:56 +0100},
	Date-Modified = {2011-09-29 20:58:28 +0200},
	Month = {Dec.},
	Title = {Bearing-only {SLAM} in indoor environments using a modified particle filter},
	Year = {2003}}

@inproceedings{KWOK-05,
	Address = {Barcelona},
	Author = {Ngai Ming Kwok and Gamini Dissanayake and Quang Phuc Ha},
	Booktitle = {IEEE Int. Conf. on Robotics and Automation},
	Date-Modified = {2011-09-29 20:58:28 +0200},
	Title = {Bearing-only {SLAM} Using a {SPRT} Based {G}aussian Sum Filter},
	Year = {2005}}

@article{KWOK-07,
	Author = {Ngai Ming Kwok and Quang Phuc Ha and Shoudong Huang and Gamini Dissanayake and Gu Fang},
	Date-Added = {2008-01-29 20:53:50 -0800},
	Date-Modified = {2010-06-26 14:03:04 +0200},
	Journal = {Int. Journal of Control, Automation, and Systems},
	Number = {3},
	Pages = {251-268},
	Title = {Mobile Robot Localization and Mapping using a {G}aussian Sum Filter},
	Volume = {5},
	Year = {2007}}

@article{LACROIX-05,
	Author = {Simon Lacroix and Michel Devy and Joan Sol\`a and Thomas Lemaire},
	Date-Added = {2006-12-11 18:35:57 +0100},
	Date-Modified = {2012-11-16 10:24:22 +0000},
	Issn = {1768-9791},
	Journal = {Revue Fran{\c c}aise de Photogramm{\'e}trie et de T{\'e}l{\'e}d{\'e}tection},
	Number = {180},
	Pages = {26-40},
	Title = {Mod{\'e}lisation {3D} par vision pour la robotique mobile : approches de cartographie et localisation simultan{\'e}es},
	Year = {2005}}

@inproceedings{LANEURIT-03,
	Author = {J. Laneurit and C. Blanc and R. Chapuis and L. Trassoudaine},
	Booktitle = {IEEE Intelligent Vehicles Symposium},
	Date-Added = {2006-12-08 18:03:23 +0100},
	Date-Modified = {2007-09-13 11:20:45 -0700},
	Month = {June},
	Title = {Multisensorial data fusion for global vehicle and obstacles absolute positioning},
	Year = {2003}}

@phdthesis{Lekkerkerker-14,
	Author = {Lekkerkerker, C.J.},
	Date-Added = {2016-06-12 19:51:03 +0000},
	Date-Modified = {2016-06-12 19:52:30 +0000},
	School = {Mechanical, Maritime and Materials Engineering, Technical University Delft},
	Title = {Gaining by forgetting: Towards long-term mobile robot autonomy in large scale environments using a novel hybrid metric-topological mapping system},
	Year = {2014}}

@inproceedings{LEMAIRE-07,
	Address = {Rome, Italy},
	Author = {Thomas Lemaire and Simon Lacroix},
	Booktitle = {IEEE Int. Conf. on Robotics and Automation},
	Date-Added = {2008-08-23 12:12:05 +0200},
	Date-Modified = {2010-06-26 13:51:26 +0200},
	Pages = {2791-2796},
	Title = {Monocular-vision based {SLAM} using line segments},
	Year = {2007}}

@inproceedings{LEMAIRE-05,
	Address = {Edmonton, Canada},
	Author = {Thomas Lemaire and Simon Lacroix and Joan Sol\`a},
	Booktitle = {IEEE/RSJ Int. Conf. on Intelligent Robots and Systems},
	Date-Modified = {2012-11-21 20:44:37 +0000},
	Doi = {10.1109/iros.2005.1545393},
	Isbn = {0-7803-8912-3},
	Issn = {2153-0858},
	Month = {August},
	Online-Issn = {2153-0866},
	Publisher = {IEEE},
	Title = {A practical {3D} Bearing Only {SLAM} algorithm},
	Url = {http://dx.doi.org/10.1109/iros.2005.1545393},
	Year = {2005},
	Bdsk-Url-1 = {www.laas.fr/~tlemaire/publications/lemaireIROS2005.pdf},
	Bdsk-Url-2 = {http://dx.doi.org/10.1109/iros.2005.1545393}}

@techreport{LEMAIRE-05A,
	Author = {Thomas Lemaire and Simon Lacroix and Joan Sol\`a},
	Date-Added = {2006-12-11 18:34:18 +0100},
	Date-Modified = {2010-09-05 22:30:23 +0200},
	Institution = {LAAS-CNRS},
	Number = {05201},
	Title = {Experiments with a bearing-only {SLAM} algorithm},
	Year = {2005}}

@article{LEONARD-02,
	Author = {John J. Leonard and R. Rikoski and Paul M. Newman and Michael Bosse},
	Date-Added = {2007-05-15 15:06:54 +0200},
	Date-Modified = {2010-09-05 22:28:37 +0200},
	Journal = {Int. Journal of Robotics Research},
	Month = {January},
	Title = {Mapping partially observable features from multiple uncertain vantage points},
	Year = {2002}}

@inproceedings{LI-2012,
	Author = {Mingyang Li and Mourikis, A.I.},
	Booktitle = {Robotics and Automation (ICRA), 2012 IEEE International Conference on},
	Date-Added = {2014-11-29 14:58:33 +0000},
	Date-Modified = {2014-11-29 15:00:45 +0000},
	Doi = {10.1109/ICRA.2012.6225229},
	Issn = {1050-4729},
	Keywords = {Jacobian matrices;Kalman filters;computer vision;distance measurement;inertial navigation;nonlinear filters;object tracking;pose estimation;transportation;EKF linearized system model;EKF-based visual-inertial odometry;Jacobian matrices;MSCKF algorithm;VIO;accuracy improvement;extended Kalman filter;multistate constraint Kalman filter algorithm;observability analysis;performance improvement;yaw},
	Month = {May},
	Pages = {828-835},
	Title = {Improving the accuracy of {EKF}-based visual-inertial odometry},
	Year = {2012},
	Bdsk-Url-1 = {http://dx.doi.org/10.1109/ICRA.2012.6225229}}

@inproceedings{LI-14,
	Author = {Mingyang Li and Hongsheng Yu and Xing Zheng and Mourikis, A.I.},
	Booktitle = {Robotics and Automation (ICRA), 2014 IEEE International Conference on},
	Date-Added = {2014-12-18 20:42:34 +0000},
	Date-Modified = {2014-12-18 20:42:44 +0000},
	Doi = {10.1109/ICRA.2014.6906889},
	Keywords = {calibration;cameras;inertial navigation;pose estimation;units (measurement);IMU;camera intrinsics;focal length;high-fidelity sensor modeling;high-precision pose estimation;inertial measurement unit;lens distortion;low-cost inertial sensors;online self-calibration;principal point;rolling-shutter cameras;timestamps;vision-aided inertial navigation;Calibration;Cameras;Computational modeling;Estimation;Jacobian matrices;Robot sensing systems;Vectors},
	Month = {May},
	Pages = {409-416},
	Title = {High-fidelity sensor modeling and self-calibration in vision-aided inertial navigation},
	Year = {2014},
	Bdsk-Url-1 = {http://dx.doi.org/10.1109/ICRA.2014.6906889}}

@inproceedings{LISIEN-03,
	Author = {B. Lisien and D. Morales and D. Silver and G. Kantor and I. Rekleitis and H. Choset},
	Booktitle = {IEEE/RSJ Int. Conf. on Intelligent Robots and Systems},
	Date-Added = {2006-12-08 16:25:51 +0100},
	Date-Modified = {2008-05-30 22:27:19 +0200},
	Month = {October},
	Pages = {448-453},
	Title = {Hierarchical simultaneous localization and mapping},
	Volume = {1},
	Year = {2003}}

@article{LLOBET-2000,
	Author = {Llobet, Ermen and Sol{\`a}, Joan and Pitarch, Joan and Prats, Josep},
	Date-Modified = {2014-03-27 14:48:11 +0000},
	Doi = {10.1016/b978-008043895-5/50245-9},
	Isbn = {http://id.crossref.org/isbn/9780080438955},
	Journal = {1999 ISES Solar World Congress},
	Pages = {462--467},
	Publisher = {Elsevier},
	Title = {The ``ciclops'' System},
	Url = {http://dx.doi.org/10.1016/b978-008043895-5/50245-9},
	Year = {2000},
	Bdsk-Url-1 = {http://dx.doi.org/10.1016/b978-008043895-5/50245-9}}

@article{LOBO-03-INERTIAL_EGOMOTION,
	Author = {Lobo, J. and Dias, J.},
	Date-Added = {2015-06-02 10:12:30 +0000},
	Date-Modified = {2015-06-02 10:14:35 +0000},
	Journal = {Journal of Robotic Systems},
	Number = {3-12},
	Title = {Inertial Sensed Ego-motion for 3D Vision},
	Volume = {21},
	Year = {2003}}

@article{LU-97,
	Address = {Hingham, MA, USA},
	Author = {F. Lu and E. Milios},
	Date-Added = {2007-06-07 21:05:00 +0200},
	Date-Modified = {2007-06-07 21:05:18 +0200},
	Doi = {http://dx.doi.org/10.1023/A:1008854305733},
	Issn = {0929-5593},
	Journal = {Auton. Robots},
	Number = {4},
	Pages = {333-349},
	Publisher = {Kluwer Academic Publishers},
	Title = {Globally Consistent Range Scan Alignment for Environment Mapping},
	Volume = {4},
	Year = {1997},
	Bdsk-Url-1 = {http://dx.doi.org/10.1023/A:1008854305733}}

@inproceedings{LUPTON-09,
	Author = {Todd Lupton and Salah Sukkarieh},
	Booktitle = {IEEE/RSJ Int. Conf. on Intelligent Robots and Systems},
	Date-Added = {2012-11-06 18:30:45 +0000},
	Date-Modified = {2012-11-06 18:31:38 +0000},
	Title = {Efficient Integration of Inertial Observations into Visual SLAM without Initialization},
	Year = {2009}}

@manual{MADSEN-99,
	Address = {Building 321, DK-2800 Kgs. Lyngby, p. 56},
	Author = {K. Madsen and H. B. Nielsen and O. Tingleff},
	Date-Added = {2008-08-19 02:12:01 +0200},
	Date-Modified = {2008-08-19 02:16:00 +0200},
	Organization = {Richard Petersens Plads},
	Title = {Methods for non-linear least squares problems},
	Url = {http://www2.imm.dtu.dk/pubdb/p.php?660},
	Year = {1999},
	Bdsk-Url-1 = {http://www2.imm.dtu.dk/pubdb/p.php?660}}

@article{MARTINELLI-12,
	Author = {Martinelli, A.},
	Date-Added = {2013-01-26 16:53:09 +0000},
	Date-Modified = {2013-01-26 16:54:25 +0000},
	Doi = {10.1109/TRO.2011.2160468},
	Issn = {1552-3098},
	Journal = {IEEE Transactions on Robotics},
	Keywords = {Accelerometers;Cameras;Closed-form solution;Observability;Robot sensing systems;Vehicles;Monte Carlo methods;accelerometers;aerospace robotics;control nonlinearities;gyroscopes;observability;robot vision;sensor fusion;IMU data fusion;Monte Carlo simulation;analytical derivation;closed form solution;inertial measurement;monocular camera image;nonstandard observability analysis;observability analysis;orthogonal accelerometers;orthogonal gyroscopes;sensor assembling;sensor data;single point feature;system nonlinearities;visual measurement;Aerial robotics;computer vision;nonlinear observability;sensor fusion;vision-aided inertial navigation;},
	Month = {feb.},
	Number = {1},
	Pages = {44 -60},
	Title = {Vision and IMU Data Fusion: Closed-Form Solutions for Attitude, Speed, Absolute Scale, and Bias Determination},
	Volume = {28},
	Year = {2012},
	Bdsk-Url-1 = {http://dx.doi.org/10.1109/TRO.2011.2160468}}

@inproceedings{MARTINELLI-11,
	Author = {Martinelli, A. and Troiani, C. and Renzaglia, A.},
	Booktitle = {IEEE/RSJ Int. Conf. on Intelligent Robots and Systems},
	Date-Added = {2013-01-26 16:55:42 +0000},
	Date-Modified = {2013-01-26 16:56:39 +0000},
	Doi = {10.1109/IROS.2011.6094541},
	Issn = {2153-0858},
	Keywords = {Acceleration;Cameras;Equations;Robot sensing systems;Vectors;Vehicles;attitude control;cameras;inertial navigation;robot vision;velocity control;3D unknown environment;attitude;closed-form determination;distinct camera image;inertial measurement;inertial sensor;monocular camera;vehicle orientation;vehicle speed;vision-aided inertial navigation;visual measurement;},
	Month = {sept.},
	Pages = {2460 -2465},
	Title = {Vision-aided inertial navigation: Closed-form determination of absolute scale, speed and attitude},
	Year = {2011},
	Bdsk-Url-1 = {http://dx.doi.org/10.1109/IROS.2011.6094541}}

@inproceedings{MARZORATI-08,
	Address = {Leeds},
	Author = {Daniele Marzorati and Matteo Matteucci and Davide Migliore and Domenico Giorgio Sorrenti},
	Booktitle = {Proc. of the British Machine Vision Conference},
	Date-Added = {2009-08-05 23:00:21 +0200},
	Date-Modified = {2011-09-29 20:56:53 +0200},
	Title = {Monocular {SLAM} with Inverse Scaling Parametrization},
	Year = {2008}}

@inproceedings{MENDES-16,
	Author = {Ellon Paiva Mendes and Joan Sol\`a and Simon Lacroix},
	Booktitle = {Proceedings of ICARCV -- accepted for publication},
	Date-Added = {2016-08-06 11:32:50 +0000},
	Date-Modified = {2016-08-06 12:01:23 +0000},
	Title = {Parallax Angle Parametrization in Incremental {SLAM}},
	Year = {2016}}

@article{Mohanarajah-15,
	Author = {G. Mohanarajah and V. Usenko and M. Singh and R. D'Andrea and M. Waibel},
	Date-Added = {2016-06-12 20:58:30 +0000},
	Date-Modified = {2016-06-12 20:58:46 +0000},
	Doi = {10.1109/TASE.2015.2408456},
	Issn = {1545-5955},
	Journal = {IEEE Transactions on Automation Science and Engineering},
	Keywords = {cartography;cloud computing;computer centres;control engineering computing;distance measurement;mobile robots;Rapyuta;cloud robotics framework;cloud-based collaborative 3D mapping;commercial data center;dense visual odometry algorithm;low-cost robots;parallel algorithms;parallel optimization;real-time robots;smartphone-class processor;Cloning;Optimization;Robot kinematics;Robot sensing systems;Three-dimensional displays;Visualization;Cloud robotics;cloud-based mapping;dense visual odometry;platform-as-a-Service},
	Month = {April},
	Number = {2},
	Pages = {423-431},
	Title = {Cloud-Based Collaborative 3D Mapping in Real-Time With Low-Cost Robots},
	Volume = {12},
	Year = {2015},
	Bdsk-Url-1 = {http://dx.doi.org/10.1109/TASE.2015.2408456}}

@inproceedings{MOLTON-04,
	Author = {Nicholas Molton and Andrew J. Davison and Ian Reid},
	Booktitle = {British Machine Vision Conference},
	Date-Added = {2008-06-03 15:02:30 +0200},
	Date-Modified = {2010-06-26 13:52:47 +0200},
	Title = {Locally Planar Patch Features for Real-Time Structure from Motion},
	Year = {2004}}

@inproceedings{MONTEMERLO-03A,
	Address = {Acapulco, Mexico},
	Author = {M. Montemerlo and Thrun, Sebastian and Koller, Daphne and B. Wegbreit},
	Booktitle = {Sixteenth Int. Joint Conf. on Artificial Intelligence},
	Date-Modified = {2011-09-29 20:59:44 +0200},
	Organization = {IJCAI},
	Title = {{FastSLAM} 2.0: An Improved Particle Filtering Algorithm for Simultaneous Localization and Mapping that Provably Converges},
	Year = {2003}}

@inproceedings{MONTIEL-06,
	Address = {Philadelphia, USA},
	Author = {Jos\'e Mar\'ia Mart\'inez Montiel and Javier Civera and Andrew J. Davison},
	Booktitle = {Robotics: Science and Systems},
	Date-Added = {2006-12-08 16:37:37 +0100},
	Date-Modified = {2011-09-03 18:55:23 +0200},
	Keywords = {Inverse Depth, undelayed, initialization},
	Month = {August},
	Title = {Unified Inverse Depth Parametrization for Monocular {SLAM}},
	Year = {2006}}

@inproceedings{MONTIEL-06b,
	Address = {Orlando, FL},
	Author = {Jos\'e Mar\'ia Mart\'inez Montiel and Andrew J. Davison},
	Booktitle = {Int. Conf. on Robotics and Automation},
	Date-Added = {2009-08-22 11:54:10 +0200},
	Date-Modified = {2011-09-03 18:55:23 +0200},
	Pages = {1917-1922},
	Title = {A visual compass based on {SLAM}},
	Year = {2006}}

@inproceedings{NETTLETON-03,
	Address = {Coimbra, Portugal},
	Author = {E. Nettleton and Hugh Durrant-Whyte and Salah Sukkarieh},
	Booktitle = {Int. Conf. on Advanced Robotics},
	Date-Added = {2007-05-30 15:40:12 +0200},
	Date-Modified = {2011-09-29 20:59:31 +0200},
	Title = {A robust architecture for decentralised data fusion},
	Year = {2003}}

@article{NEWCOMBE-10,
	Author = {Newcombe, Richard A. and Andrew J. Davison},
	Date-Added = {2010-10-25 22:08:22 +0200},
	Date-Modified = {2010-10-25 22:08:22 +0200},
	Journal = {Computer vision and pattern recognition},
	Title = {Live Dense Reconstruction with a Single Moving Camera Davison},
	Year = {2010}}

@phdthesis{NEWMAN-99,
	Author = {Paul M. Newman},
	Comment = {Rather than estimate the location of landmarks in global coordinates it estimates the relationships between individual landmarks. Absolute Map / Relative Map Constrained estimator Absolute Map Filter = EKF Relative Map Filter = on estime des transformations geometriques entre features},
	Date-Modified = {2010-06-26 14:03:59 +0200},
	Keywords = {Geometric Projection Filter GPF},
	Month = {March},
	Opturl = {http://oceanai.mit.edu/pnewman/papers/pmnthesis.pdf},
	School = {Australian Centre for Field Robotics - The University of Sydney},
	Title = {On the Structure and Solution of the Simultaneous Localisation and Map Building Problem},
	Year = {1999}}

@inproceedings{NEWMAN-02,
	Author = {Paul M. Newman and John J. Leonard and Jos\'e Neira and Juan Domingo Tard\'os},
	Booktitle = {IEEE Int. Conf. on Robotics and Automation},
	Comment = {video : http://oceanai.mit.edu/pnewman/videos/Return2Dime/complete.mpeg, http://oceanai.mit.edu/pnewman/videos/Return2Dime/finish.avi SLAM experimentation, real-time, SLAM controls the motion of the robot representation hierarchique des features dans un arbre (SPMap), ces features peuvent etre de nature differentes implementation : configuration d'un robot (insitu clone), paradigme objet pour decrire les features},
	Date-Modified = {2010-09-05 22:31:37 +0200},
	Month = {May},
	Pages = {1802-1809},
	Title = {Explore and Return: Experimental Validation of Real Time Concurrent Mapping and Localization},
	Url = {http://oceanai.mit.edu/pnewman/papers/ReturnToADime.pdf},
	Year = {2002},
	Bdsk-Url-1 = {http://oceanai.mit.edu/pnewman/papers/ReturnToADime.pdf}}

@article{PAZ-08,
	Author = {L. M. Paz and Pedro Pini\'es and Juan Domingo Tard\'os and Jos\'e Neira},
	Date-Added = {2008-08-06 18:36:30 +0200},
	Date-Modified = {2011-09-29 20:56:11 +0200},
	Journal = {IEEE Trans. on Robotics},
	Number = {5},
	Title = {Large Scale {6DOF SLAM} with Stereo-in-Hand},
	Volume = {24},
	Year = {2008}}

@inproceedings{PAZ-07,
	Address = {San Diego},
	Author = {L. M. Paz and Pedro Pini\'es and Juan Domingo Tard\'os and Jos\'e Neira},
	Booktitle = {Workshop on visual {SLAM}, IEEE/RSJ Int. Conf. on Intelligent Robots and Systems},
	Date-Added = {2008-05-07 19:02:19 +0200},
	Date-Modified = {2011-09-29 20:56:11 +0200},
	Title = {{6DOF} {SLAM} with Stereo-in-hand},
	Url = {http://www.ai.sri.com/conf/iros2007/2.pdf},
	Year = {2007},
	Bdsk-Url-1 = {http://www.ai.sri.com/conf/iros2007/2.pdf}}

@inproceedings{PINIES-07,
	Author = {Pedro Pini\'es and Todd Lupton and Salah Sukkarieh and Juan Domingo Tard\'os},
	Booktitle = {Int. Conf. on Robotics and Automation},
	Date-Added = {2007-09-28 15:32:55 -0700},
	Date-Modified = {2010-09-05 22:31:09 +0200},
	Title = {Inertial Aiding of Inverse Depth {SLAM} using a Monocular Camera},
	Year = {2007}}

@article{VALENCIA-13,
	Author = {R. Valencia, M. Morta, J. Andrade-Cetto and J.M. Porta},
	Date-Added = {2015-06-02 11:24:10 +0000},
	Date-Modified = {2015-06-02 11:25:01 +0000},
	Journal = {IEEE Transactions on Robotics},
	Number = {4},
	Pages = {1050--1059},
	Title = {Planning reliable paths with Pose SLAM},
	Volume = {29},
	Year = {2013}}

@incollection{ROUSSILLON-11a,
	Author = {Roussillon, Cyril and Gonzalez, Aur\'elien and Sol\`a, Joan and Codol, Jean Marie and Mansard, Nicolas and Lacroix, Simon and Devy, Michel},
	Booktitle = {Computer Vision Systems},
	Date-Added = {2012-11-15 23:18:46 +0000},
	Date-Modified = {2012-11-21 21:06:25 +0000},
	Doi = {10.1007/978-3-642-23968-7_4},
	Editor = {Crowley, JamesL. and Draper, BruceA. and Thonnat, Monique},
	Isbn = {978-3-642-23967-0},
	Issn = {0302-9743},
	Pages = {31-40},
	Publisher = {Springer Berlin Heidelberg},
	Series = {Lecture Notes in Computer Science},
	Title = {{RT-SLAM}: A Generic and Real-Time Visual {SLAM} Implementation},
	Url = {http://dx.doi.org/10.1007/978-3-642-23968-7_4},
	Volume = {6962},
	Year = {2011},
	Bdsk-Url-1 = {http://dx.doi.org/10.1007/978-3-642-23968-7_4}}

@inproceedings{ROUSSILLON-11,
	Address = {Sophia Antipolis, France},
	Author = {Cyril Roussillon and Aur\'elien Gonzalez and Joan Sol\`a and Jean Marie Codol and Nicolas Mansard and Simon Lacroix and Michel Devy},
	Booktitle = {Int. Conf. on Computer Vision Systems (ICVS)},
	Date-Added = {2011-09-29 20:40:39 +0200},
	Date-Modified = {2012-11-16 15:54:49 +0000},
	Month = {September},
	Title = {{RT-SLAM}: a generic and real-time visual {SLAM} implementation},
	Year = {2011}}

@inproceedings{SANTAMARIA-IROS15-SUBMITTED,
	Author = {\`Angel Santamaria-Navarro and Juan Andrade-Cetto and Joan Sol\`a},
	Booktitle = {Intelligent Robots and Systems (IROS), IEEE/RSJ International Conference on},
	Date-Added = {2015-06-02 12:17:25 +0000},
	Date-Modified = {2016-08-06 12:00:47 +0000},
	Note = {Submitted},
	Title = {High-frequency {MAV} state estimation using low-cost inertial and optical flow measurement units},
	Year = {2015}}

@article{SE02,
	Author = {S. Se and D.G. Lowe and James J. Little},
	Date-Modified = {2010-06-26 14:04:46 +0200},
	Journal = {Int. Journal of Robotics Research},
	Number = {8},
	Pages = {735-760},
	Title = {Mobile Robot Localization and Mapping with uncertainty using scale-invariant visual features},
	Volume = {21},
	Year = {2002}}

@inproceedings{SE-02,
	Author = {S. Se and D.G. Lowe and James J. Little},
	Booktitle = {IEEE/RSJ Int. Conf. on Intelligent Robots and Systems},
	Date-Modified = {2010-06-26 14:04:46 +0200},
	Pages = {226-231},
	Title = {Global localization using distinctive visual features},
	Year = {2002}}

@inproceedings{SMITH-06,
	Author = {Smith, Paul and Reid, Ian and Andrew J. Davison},
	Booktitle = {British Machine Vision Conf.},
	Date-Added = {2008-09-01 10:26:59 +0200},
	Date-Modified = {2010-06-26 13:52:47 +0200},
	Isbn = {1-904410-14-6},
	Local-Url = {http://pubs.doc.ic.ac.uk/straight-line-slam/},
	Pages = {17-26},
	Title = {Real-Time Monocular {SLAM} with Straight Lines},
	Volume = {1},
	Year = {2006},
	Bdsk-Url-1 = {http://pubs.doc.ic.ac.uk/straight-line-slam/}}

@article{SMITH-87,
	Author = {R. Smith and P. Cheeseman},
	Date-Modified = {2008-05-26 23:20:40 +0200},
	Journal = {Int. Journal of Robotics Research},
	Number = {4},
	Pages = {56-68},
	Title = {On the Representation and Estimation of Spatial Uncertainty},
	Volume = {5},
	Year = {1987}}

@inbook{SMITH-90,
	Author = {R. Smith and M. Self and P. Cheeseman},
	Chapter = {Estimating Uncertain Spatial Relationships in Robotics},
	Date-Modified = {2010-09-11 13:27:21 +0200},
	Editor = {I. J. Cox and G. T. Wilfong},
	Pages = {167-193},
	Publisher = {Springer-Verlag},
	Title = {Autonomous Robot Vehicles},
	Year = {1990}}

@other{SOLA-WWW,
	Author = {Joan Sol\`a},
	Date-Added = {2006-12-09 15:15:30 +0100},
	Date-Modified = {2013-01-26 17:55:16 +0000},
	Keywords = {web, vision, SLAM, monocular, binocular},
	Lastchecked = {01/2013},
	Title = {Personal Web Page},
	Url = {\url{http://www.joansola.eu}},
	Urldate = {2013},
	Bdsk-File-1 = {YnBsaXN0MDDSAQIDBFxyZWxhdGl2ZVBhdGhZYWxpYXNEYXRhXxAkLi4vLi4vV2ViL0pvYW5Tb2xhL2VuZy9Kb2FuU29sYS5odG1sTxEBpAAAAAABpAACAAAMTWFjaW50b3NoIEhEAAAAAAAAAAAAAAAAAAAA0Ghht0grAAAABYyZDUpvYW5Tb2xhLmh0bWwAAAAAAAAAAAAAAAAAAAAAAAAAAAAAAAAAAAAAAAAAAAAAAAAAAAAAAAAAAAAAAAAAAAAFjJrHkOl0AAAAAAAAAAAAAgAEAAAJIAAAAAAAAAAAAAAAAAAAAANlbmcAABAACAAA0GhFlwAAABEACAAAx5DbZAAAAAEAGAAFjJkABYyRAAWMkAAFNqEABTMqAADABgACAEdNYWNpbnRvc2ggSEQ6VXNlcnM6AGpzb2xhOgBEb2N1bWVudHM6AFdlYjoASm9hblNvbGE6AGVuZzoASm9hblNvbGEuaHRtbAAADgAcAA0ASgBvAGEAbgBTAG8AbABhAC4AaAB0AG0AbAAPABoADABNAGEAYwBpAG4AdABvAHMAaAAgAEgARAASADRVc2Vycy9qc29sYS9Eb2N1bWVudHMvV2ViL0pvYW5Tb2xhL2VuZy9Kb2FuU29sYS5odG1sABMAAS8AABUAAgAM//8AAAAIAA0AGgAkAEsAAAAAAAACAQAAAAAAAAAFAAAAAAAAAAAAAAAAAAAB8w==},
	Bdsk-Url-1 = {http://homepages.laas.fr/jsola/},
	Bdsk-Url-2 = {http://www.joansola.eu}}

@inproceedings{SOLA-10,
	Address = {Anckorage, AK},
	Author = {Joan Sol\`a},
	Booktitle = {IEEE Int. Conf. on Robotics and Automation},
	Date-Added = {2009-09-03 15:28:56 +0200},
	Date-Modified = {2013-02-06 11:39:21 +0000},
	Doi = {10.1109/robot.2010.5509518},
	Isbn = {978-1-4244-5038-1},
	Issn = {1050-4729},
	Month = {May},
	Pages = {3513 - 3518},
	Publisher = {IEEE},
	Title = {Consistency of the monocular {EKF-SLAM} algorithm for 3 different landmark parametrizations},
	Url = {http://dx.doi.org/10.1109/robot.2010.5509518},
	Year = {2010},
	Bdsk-File-1 = {YnBsaXN0MDDSAQIDBFxyZWxhdGl2ZVBhdGhZYWxpYXNEYXRhXxAcLi4vc29sYUlDUkExMC9zb2xhSUNSQTEwLnBkZk8RAa4AAAAAAa4AAgAADE1hY2ludG9zaCBIRAAAAAAAAAAAAAAAAAAAANBoYbdIKwAAAAVDLA5zb2xhSUNSQTEwLnBkZgAAAAAAAAAAAAAAAAAAAAAAAAAAAAAAAAAAAAAAAAAAAAAAAAAAAAAAAAAAAAAAAAAABUP/x5jriQAAAAAAAAAAAAEAAgAACSAAAAAAAAAAAAAAAAAAAAAKc29sYUlDUkExMAAQAAgAANBoRZcAAAARAAgAAMeY3XkAAAABABQABUMsAAU2pQAFNqEABTMqAADABgACAEpNYWNpbnRvc2ggSEQ6VXNlcnM6AGpzb2xhOgBEb2N1bWVudHM6AEFydGljbGVzOgBzb2xhSUNSQTEwOgBzb2xhSUNSQTEwLnBkZgAOAB4ADgBzAG8AbABhAEkAQwBSAEEAMQAwAC4AcABkAGYADwAaAAwATQBhAGMAaQBuAHQAbwBzAGgAIABIAEQAEgA4VXNlcnMvanNvbGEvRG9jdW1lbnRzL0FydGljbGVzL3NvbGFJQ1JBMTAvc29sYUlDUkExMC5wZGYAEwABLwAAFQACAAz//wAAAAgADQAaACQAQwAAAAAAAAIBAAAAAAAAAAUAAAAAAAAAAAAAAAAAAAH1},
	Bdsk-Url-1 = {http://dx.doi.org/10.1109/robot.2010.5509518}}

@phdthesis{SOLA-07b,
	Author = {Joan Sol\`a},
	Date-Added = {2007-04-02 19:18:43 +0200},
	Date-Modified = {2010-06-26 13:51:11 +0200},
	Keywords = {vision,SLAM,undelayed, initialization},
	School = {Institut National Polytechnique de Toulouse},
	Title = {Towards Visual Localization, Mapping and Moving Objects Tracking by a Mobile Robot: a Geometric and Probabilistic Approach.},
	Year = {2007},
	Bdsk-File-1 = {YnBsaXN0MDDSAQIDBFxyZWxhdGl2ZVBhdGhZYWxpYXNEYXRhXxAqLi4vLi4vV2ViL0pvYW5Tb2xhL29iamVjdGVzL1BoRC9UaGVzaXMucGRmTxEBrgAAAAABrgACAAAMTWFjaW50b3NoIEhEAAAAAAAAAAAAAAAAAAAA0Ghht0grAAAABYy+ClRoZXNpcy5wZGYAAAAAAAAAAAAAAAAAAAAAAAAAAAAAAAAAAAAAAAAAAAAAAAAAAAAAAAAAAAAAAAAAAAAAAAAFjVfHkOmeUERGIHBydncAAgAFAAAJIAAAAAAAAAAAAAAAAAAAAANQaEQAABAACAAA0GhFlwAAABEACAAAx5DbjgAAAAEAHAAFjL4ABYy8AAWMkQAFjJAABTahAAUzKgAAwAYAAgBOTWFjaW50b3NoIEhEOlVzZXJzOgBqc29sYToARG9jdW1lbnRzOgBXZWI6AEpvYW5Tb2xhOgBvYmplY3RlczoAUGhEOgBUaGVzaXMucGRmAA4AFgAKAFQAaABlAHMAaQBzAC4AcABkAGYADwAaAAwATQBhAGMAaQBuAHQAbwBzAGgAIABIAEQAEgA6VXNlcnMvanNvbGEvRG9jdW1lbnRzL1dlYi9Kb2FuU29sYS9vYmplY3Rlcy9QaEQvVGhlc2lzLnBkZgATAAEvAAAVAAIADP//AAAACAANABoAJABRAAAAAAAAAgEAAAAAAAAABQAAAAAAAAAAAAAAAAAAAgM=},
	Bdsk-Url-1 = {http://ethesis.inp-toulouse.fr/archive/00000528/01/sola.pdf}}

@inbook{SOLA-07BVISION,
	Address = {Toulouse, France},
	Author = {Joan Sol\`a},
	Chapter = {2: Vision},
	Date-Added = {2008-04-29 23:32:57 +0200},
	Date-Modified = {2010-06-26 13:51:11 +0200},
	Keywords = {undelayed, initialization},
	Pages = {46-49},
	Publisher = {INPT},
	Title = {Towards Visual Localization, Mapping and Moving Objects Tracking by a Mobile Robot: a Geometric and Probabilistic Approach.},
	Year = {2007}}

@inproceedings{SOLA-07e,
	Address = {San Diego},
	Author = {Joan Sol\`a},
	Booktitle = {Workshop on visual {SLAM}, IEEE/RSJ Int. Conf. on Intelligent Robots and Systems},
	Date-Added = {2008-02-07 18:05:21 +0100},
	Date-Modified = {2011-10-10 21:40:54 +0200},
	Keywords = {undelayed, initialization},
	Title = {Multi-camera {SLAM}: from former information losses to self-calibration},
	Year = {2007}}

@inproceedings{SOLA-05B,
	Address = {Barcelona},
	Author = {Joan Sol\`a},
	Booktitle = {Extended abstract for the {SLAM} Workshop of the {IEEE} Int. Conf. on Robotics and Automation},
	Date-Added = {2006-12-11 19:01:37 +0100},
	Date-Modified = {2011-10-10 21:41:27 +0200},
	Keywords = {undelayed, initialization},
	Month = {April},
	Note = {Available from \url{http://www.laas.fr/~jsola/Joan%20Sola/objectes/papers/icra2005/solaICRA2005.pdf}},
	Title = {Delayed vs Undelayed Landmark Initialization for Bearing Only {SLAM}},
	Year = {2005},
	Bdsk-Url-1 = {http://www.laas.fr/~jsola/Joan%20Sola/objectes/papers/icra2005/solaICRA2005.pdf}}

@other{SOLA-SLAMTB,
	Author = {Joan Sol\`a and David Marquez and Jean Marie Codol and Teresa Vidal-Calleja},
	Date-Added = {2009-09-08 14:57:51 +0200},
	Date-Modified = {2010-06-26 13:51:56 +0200},
	Lastchecked = {Sept. 2009},
	Local-Url = {http://homepages.laas.fr/jsola/JoanSola/eng/toolbox.html},
	Title = {An {EKF-SLAM} toolbox for {MATLAB}},
	Url = {http://homepages.laas.fr/jsola/JoanSola/eng/toolbox.html},
	Year = {2009},
	Bdsk-Url-1 = {http://homepages.laas.fr/jsola/JoanSola/eng/toolbox.html}}

@techreport{SOLA-06B,
	Address = {Toulouse, France},
	Author = {Joan Sol\`a and Andr\'e Monin and Michel Devy},
	Date-Added = {2007-01-08 12:35:49 +0100},
	Date-Modified = {2010-06-26 13:51:11 +0200},
	Institution = {LAAS-CNRS},
	Keywords = {undelayed, initialization},
	Note = {Submitted for publication at IEEE Int. Conf. on Robotics and Automation. Available from \url{http://www.laas.fr/~jsola/publications/solaICRA07.pdf}},
	Number = {06599},
	Title = {{BiCamSLAM}: getting the best of mono- and stereo-vision in {SLAM}},
	Year = {2007}}

@inproceedings{SOLA-07,
	Address = {Rome, Italy},
	Author = {Joan Sol\`a and Andr\'e Monin and Michel Devy},
	Booktitle = {IEEE Int. Conf. on Robotics and Automation},
	Date-Added = {2006-12-11 18:31:42 +0100},
	Date-Modified = {2012-11-21 20:38:53 +0000},
	Doi = {10.1109/robot.2007.364218},
	Isbn = {1-4244-0601-3},
	Issn = {1050-4729},
	Keywords = {undelayed, initialization},
	Month = {April},
	Pages = {4795-4800},
	Publisher = {IEEE},
	Title = {{BiCamSLAM}: {T}wo times mono is more than stereo},
	Url = {http://dx.doi.org/10.1109/robot.2007.364218},
	Year = {2007},
	Bdsk-File-1 = {YnBsaXN0MDDSAQIDBFxyZWxhdGl2ZVBhdGhZYWxpYXNEYXRhXxAnLi4vLi4vV2ViL3B1YmxpY2F0aW9ucy9zb2xhSUNSQTIwMDcucGRmTxEBtAAAAAABtAACAAAMTWFjaW50b3NoIEhEAAAAAAAAAAAAAAAAAAAA0Ghht0grAAAABY8nEHNvbGFJQ1JBMjAwNy5wZGYAAAAAAAAAAAAAAAAAAAAAAAAAAAAAAAAAAAAAAAAAAAAAAAAAAAAAAAAAAAAAAAAFjyrHkOnwUERGIAAAAAAAAgADAAAJIAAAAAAAAAAAAAAAAAAAAAxwdWJsaWNhdGlvbnMAEAAIAADQaEWXAAAAEQAIAADHkNvgAAAAAQAUAAWPJwAFjJAABTahAAUzKgAAwAYAAgBJTWFjaW50b3NoIEhEOlVzZXJzOgBqc29sYToARG9jdW1lbnRzOgBXZWI6AHB1YmxpY2F0aW9uczoAc29sYUlDUkEyMDA3LnBkZgAADgAiABAAcwBvAGwAYQBJAEMAUgBBADIAMAAwADcALgBwAGQAZgAPABoADABNAGEAYwBpAG4AdABvAHMAaAAgAEgARAASADdVc2Vycy9qc29sYS9Eb2N1bWVudHMvV2ViL3B1YmxpY2F0aW9ucy9zb2xhSUNSQTIwMDcucGRmAAATAAEvAAAVAAIADP//AAAACAANABoAJABOAAAAAAAAAgEAAAAAAAAABQAAAAAAAAAAAAAAAAAAAgY=},
	Bdsk-Url-1 = {http://www.laas.fr/~jsola/publications/solaICRA2007.pdf},
	Bdsk-Url-2 = {http://dx.doi.org/10.1109/robot.2007.364218}}

@techreport{SOLA-07c,
	Author = {Joan Sol\`a and Andr\'e Monin and Michel Devy},
	Date-Added = {2007-09-07 11:17:10 -0700},
	Date-Modified = {2012-11-16 11:52:26 +0000},
	Institution = {LAAS-CNRS},
	Keywords = {undelayed, initialization},
	Note = {submitted to PAMI},
	Title = {Undelayed landmarks initialization for monocular {SLAM}},
	Year = {2007},
	Bdsk-Url-1 = {http://www.laas.fr/~jsola/publications/solaPAMI07.pdf}}

@techreport{SOLA-07d,
	Author = {Joan Sol\`a and Andr\'e Monin and Michel Devy},
	Date-Added = {2007-09-07 11:19:20 -0700},
	Date-Modified = {2012-11-16 11:52:37 +0000},
	Institution = {LAAS-CNRS},
	Keywords = {undelayed, initialization},
	Note = {submitted to TRO},
	Title = {A flexible sensor fusion approach for multicamera {SLAM}},
	Year = {2007},
	Bdsk-Url-1 = {http://www.laas.fr/~jsola/publications/solaTRO07.pdf}}

@techreport{SOLA-06A,
	Address = {Toulouse, France},
	Author = {Joan Sol\`a and Andr\'e Monin and Michel Devy},
	Date-Added = {2006-12-11 18:33:15 +0100},
	Date-Modified = {2010-06-26 13:51:11 +0200},
	Institution = {LAAS-CNRS},
	Keywords = {undelayed, initialization},
	Note = {Available from \url{http://www.laas.fr/~jsola/publications/solaBMVC06.pdf}},
	Number = {06597},
	Title = {Incremental structure from restrictive motion},
	Year = {2006}}

@inproceedings{SOLA-05,
	Address = {Edmonton, Canada},
	Author = {Joan Sol\`a and Andr\'e Monin and Michel Devy and Thomas Lemaire},
	Booktitle = {IEEE/RSJ Int. Conf. on Intelligent Robots and Systems},
	Date-Modified = {2012-11-21 20:38:31 +0000},
	Doi = {10.1109/iros.2005.1545392},
	Isbn = {0-7803-8912-3},
	Issn = {2153-0858},
	Keywords = {undelayed, initialization},
	Online-Issn = {2153-0866},
	Pages = {2499-2504},
	Publisher = {IEEE},
	Title = {Undelayed initialization in Bearing Only {SLAM}},
	Url = {http://dx.doi.org/10.1109/iros.2005.1545392},
	Year = {2005},
	Bdsk-File-1 = {YnBsaXN0MDDSAQIDBFxyZWxhdGl2ZVBhdGhZYWxpYXNEYXRhXxAqLi4vLi4vV2ViL3B1YmxpY2F0aW9ucy9VbmRlbGF5ZWRCT1NMQU0ucGRmTxEBvgAAAAABvgACAAAMTWFjaW50b3NoIEhEAAAAAAAAAAAAAAAAAAAA0Ghht0grAAAABY8nE1VuZGVsYXllZEJPU0xBTS5wZGYAAAAAAAAAAAAAAAAAAAAAAAAAAAAAAAAAAAAAAAAAAAAAAAAAAAAAAAAAAAAFjyjHkOnwUERGIAAAAAAAAgADAAAJIAAAAAAAAAAAAAAAAAAAAAxwdWJsaWNhdGlvbnMAEAAIAADQaEWXAAAAEQAIAADHkNvgAAAAAQAUAAWPJwAFjJAABTahAAUzKgAAwAYAAgBMTWFjaW50b3NoIEhEOlVzZXJzOgBqc29sYToARG9jdW1lbnRzOgBXZWI6AHB1YmxpY2F0aW9uczoAVW5kZWxheWVkQk9TTEFNLnBkZgAOACgAEwBVAG4AZABlAGwAYQB5AGUAZABCAE8AUwBMAEEATQAuAHAAZABmAA8AGgAMAE0AYQBjAGkAbgB0AG8AcwBoACAASABEABIAOlVzZXJzL2pzb2xhL0RvY3VtZW50cy9XZWIvcHVibGljYXRpb25zL1VuZGVsYXllZEJPU0xBTS5wZGYAEwABLwAAFQACAAz//wAAAAgADQAaACQAUQAAAAAAAAIBAAAAAAAAAAUAAAAAAAAAAAAAAAAAAAIT},
	Bdsk-Url-1 = {http://www.laas.fr/~tlemaire/publications/solaIROS2005.pdf},
	Bdsk-Url-2 = {http://dx.doi.org/10.1109/iros.2005.1545392}}

@article{SOLA-08,
	Author = {Joan Sol\`a and Andr\'e Monin and Michel Devy and Teresa Vidal-Calleja},
	Date-Added = {2008-12-16 14:49:48 +0100},
	Date-Modified = {2012-11-16 15:53:49 +0000},
	Doi = {10.1109/tro.2008.2004640},
	Issn = {1552-3098},
	Journal = {IEEE Trans. on Robotics},
	Keywords = {undelayed, initialization, Inverse Depth},
	Month = {October},
	Number = {5},
	Pages = {958-968},
	Title = {Fusing monocular information in multi-camera {SLAM}},
	Url = {http://dx.doi.org/10.1109/tro.2008.2004640},
	Volume = {24},
	Year = {2008},
	Bdsk-File-1 = {YnBsaXN0MDDSAQIDBFxyZWxhdGl2ZVBhdGhZYWxpYXNEYXRhXxAaLi4vc29sYVRSTzA4L3NvbGFUUk8wOC5wZGZPEQGoAAAAAAGoAAIAAAxNYWNpbnRvc2ggSEQAAAAAAAAAAAAAAAAAAADQaGG3SCsAAAAFV+UNc29sYVRSTzA4LnBkZgAAAAAAAAAAAAAAAAAAAAAAAAAAAAAAAAAAAAAAAAAAAAAAAAAAAAAAAAAAAAAAAAAAAAVYK8eQ5/YAAAAAAAAAAAABAAIAAAkgAAAAAAAAAAAAAAAAAAAACXNvbGFUUk8wOAAAEAAIAADQaEWXAAAAEQAIAADHkNnmAAAAAQAUAAVX5QAFNqUABTahAAUzKgAAwAYAAgBITWFjaW50b3NoIEhEOlVzZXJzOgBqc29sYToARG9jdW1lbnRzOgBBcnRpY2xlczoAc29sYVRSTzA4OgBzb2xhVFJPMDgucGRmAA4AHAANAHMAbwBsAGEAVABSAE8AMAA4AC4AcABkAGYADwAaAAwATQBhAGMAaQBuAHQAbwBzAGgAIABIAEQAEgA2VXNlcnMvanNvbGEvRG9jdW1lbnRzL0FydGljbGVzL3NvbGFUUk8wOC9zb2xhVFJPMDgucGRmABMAAS8AABUAAgAM//8AAAAIAA0AGgAkAEEAAAAAAAACAQAAAAAAAAAFAAAAAAAAAAAAAAAAAAAB7Q==},
	Bdsk-Url-1 = {http://dx.doi.org/10.1109/tro.2008.2004640}}

@article{SOLA-12,
	Author = {Sol\`a, Joan and Vidal-Calleja, Teresa and Civera, Javier and Jos\'e Mar\'ia Mart\'inez Montiel},
	Date-Added = {2012-11-15 23:21:42 +0000},
	Date-Modified = {2012-11-21 21:06:57 +0000},
	Doi = {10.1007/s11263-011-0492-5},
	Issn = {0920-5691},
	Issue = {3},
	Journal = {International Journal of Computer Vision},
	Keywords = {Monocular vision; Simultaneous localization and mapping; Structure from motion; Landmark parametrization; Kalman filtering; Benchmarking; Linearity; Consistency},
	Language = {English},
	Pages = {339-368},
	Publisher = {Springer US},
	Title = {Impact of Landmark Parametrization on Monocular {EKF-SLAM} with Points and Lines},
	Url = {http://dx.doi.org/10.1007/s11263-011-0492-5},
	Volume = {97},
	Year = {2012},
	Bdsk-Url-1 = {http://dx.doi.org/10.1007/s11263-011-0492-5}}

@article{SOLA-11,
	Author = {Joan Sol\`a and Teresa Vidal-Calleja and Javier Civera and Jos\'e Mar\'ia Mart\'inez Montiel},
	Date-Added = {2010-01-31 15:05:38 +0100},
	Date-Modified = {2012-04-22 21:54:47 +0000},
	Journal = {Int. Journal of Computer Vision},
	Month = {September},
	Note = {Available online at Springer's: http://www.springerlink.com/content/5u5176nj521kl3h0/},
	Number = {3},
	Pages = {339-368},
	Read = {0},
	Title = {Impact of landmark parametrization on monocular {EKF-SLAM} with points and lines},
	Volume = {97},
	Year = {2011},
	Bdsk-Url-1 = {http://hal.archives-ouvertes.fr/docs/00/45/17/78/PDF/solaTRO10.pdf}}

@inproceedings{SOLA-09,
	Address = {Saint Louis, USA},
	Author = {Joan Sol\`a and Teresa Vidal-Calleja and Michel Devy},
	Booktitle = {IEEE/RSJ Int. Conf. on Intelligent Robots and Systems},
	Date-Added = {2008-08-31 12:09:10 +0200},
	Date-Modified = {2012-11-21 20:39:05 +0000},
	Doi = {10.1109/iros.2009.5354754},
	Isbn = {978-1-4244-3803-7},
	Issn = {2153-0858},
	Month = {October},
	Pages = {1553-1558},
	Publisher = {IEEE},
	Title = {Undelayed initialization of line segments in monocular {SLAM}},
	Url = {http://dx.doi.org/10.1109/iros.2009.5354754},
	Year = {2009},
	Bdsk-File-1 = {YnBsaXN0MDDSAQIDBFxyZWxhdGl2ZVBhdGhZYWxpYXNEYXRhXxA6Li4vLi4vV2ViL0pvYW5Tb2xhL29iamVjdGVzL3BhcGVycy9pcm9zMjAwOS9zb2xhSVJPUzA5LnBkZk8RAeAAAAAAAeAAAgAADE1hY2ludG9zaCBIRAAAAAAAAAAAAAAAAAAAANBoYbdIKwAAAAWN5Q5zb2xhSVJPUzA5LnBkZgAAAAAAAAAAAAAAAAAAAAAAAAAAAAAAAAAAAAAAAAAAAAAAAAAAAAAAAAAAAAAAAAAABY3qx5Dp0AAAAAAAAAAAAAIABgAACSAAAAAAAAAAAAAAAAAAAAAIaXJvczIwMDkAEAAIAADQaEWXAAAAEQAIAADHkNvAAAAAAQAgAAWN5QAFjY4ABYy8AAWMkQAFjJAABTahAAUzKgAAwAYAAgBfTWFjaW50b3NoIEhEOlVzZXJzOgBqc29sYToARG9jdW1lbnRzOgBXZWI6AEpvYW5Tb2xhOgBvYmplY3RlczoAcGFwZXJzOgBpcm9zMjAwOToAc29sYUlST1MwOS5wZGYAAA4AHgAOAHMAbwBsAGEASQBSAE8AUwAwADkALgBwAGQAZgAPABoADABNAGEAYwBpAG4AdABvAHMAaAAgAEgARAASAEpVc2Vycy9qc29sYS9Eb2N1bWVudHMvV2ViL0pvYW5Tb2xhL29iamVjdGVzL3BhcGVycy9pcm9zMjAwOS9zb2xhSVJPUzA5LnBkZgATAAEvAAAVAAIADP//AAAACAANABoAJABhAAAAAAAAAgEAAAAAAAAABQAAAAAAAAAAAAAAAAAAAkU=},
	Bdsk-Url-1 = {http://dx.doi.org/10.1109/iros.2009.5354754}}

@inproceedings{STRASDAT-11,
	Author = {Hauke Strasdat and Andrew J. Davison and Jos\'e Mar\'ia Mart\'inez Montiel and Kurt Konolige},
	Booktitle = {ICCV'11},
	Date-Added = {2012-11-14 14:58:58 +0000},
	Date-Modified = {2012-11-21 21:07:01 +0000},
	Pages = {2352-2359},
	Title = {Double window optimisation for constant time visual {SLAM}},
	Year = {2011}}

@inproceedings{STRASDAT-10,
	Address = {Anckorage, USA},
	Author = {Hauke Strasdat and Jos\'e Mar\'ia Mart\'inez Montiel and Andrew J. Davison},
	Booktitle = {Int. Conf. on Robotics and Automation},
	Date-Added = {2010-01-06 11:23:48 +0100},
	Date-Modified = {2011-09-03 18:55:23 +0200},
	Month = {May},
	Title = {Real-Time Monocular {SLAM}: {W}hy Filter?},
	Year = {2010}}

@inproceedings{SUNDERHAUF-07,
	Address = {Rome},
	Author = {Niko Sunderhauf and Sven Lange and Peter Protzel},
	Booktitle = {IEEE Int. Workshop on Safety, Security and Rescue Robotics},
	Date-Added = {2009-09-03 22:04:06 +0200},
	Date-Modified = {2009-09-03 22:05:51 +0200},
	Title = {Using the Unscented Kalman Filter in Mono-{SLAM} with Inverse Depth Parametrization for Autonomous Airship Control},
	Year = {2007}}

@article{THOMPSON-08,
	Author = {Paul Thompson and Salah Sukkarieh},
	Date-Added = {2008-08-18 21:03:20 +0200},
	Date-Modified = {2008-08-18 21:05:26 +0200},
	Journal = {IEEE Trans. on Robotics},
	Month = {October},
	Note = {To appear},
	Number = {5},
	Title = {Linearity improvement using homogeneous coordinates for feature parametrisation in visual SLAM},
	Volume = {24},
	Year = {2008}}

@article{THRUN-04,
	Abstract = {In this paper we describe a scalable algorithm for the simultaneous mapping and localization (SLAM) problem. SLAM is the problem of acquiring a map of a static environment with a mobile robot. The vast majority of SLAM algorithms are based on the extended Kalman filter (EKF). In this paper we advocate an algorithm that relies on the dual of the EKF, the extended information filter (EIF). We show that when represented in the information form, map posteriors are dominated by a small number of links that tie together nearby features in the map. This insight is developed into a sparse variant of the EIF, called the sparse extended information filter (SEIF). SEIFs represent maps by graphical networks of features that are locally interconnected, where links represent relative information between pairs of nearby features, as well as information about the robot's pose relative to the map. We show that all essential update equations in SEIFs can be executed in constant time, irrespective of the size of the map. We also provide empirical results obtained for a benchmark data set collected in an outdoor environment, and using a multi-robot mapping simulation.},
	Author = {Thrun, Sebastian and Liu, Yufeng and Koller, Daphne and Ng, Andrew Y. and Ghahramani, Zoubin and Hugh Durrant-Whyte},
	Date-Modified = {2010-06-26 14:03:32 +0200},
	Doi = {10.1177/0278364904045479},
	Eprint = {http://ijr.sagepub.com/cgi/reprint/23/7-8/693.pdf},
	Journal = {Int. Journal of Robotics Research},
	Local-Url = {http://reports-archive.adm.cs.cmu.edu/anon/2002/CMU-CS-02-112.pdf},
	Number = {7-8},
	Pages = {693-716},
	Title = {Simultaneous Localization and Mapping with Sparse Extended Information Filters},
	Volume = {23},
	Year = {2004},
	Bdsk-Url-1 = {http://ijr.sagepub.com/cgi/content/abstract/23/7-8/693},
	Bdsk-Url-2 = {http://dx.doi.org/10.1177/0278364904045479}}

@inproceedings{Tong-11,
	Author = {C. H. Tong and T. D. Barfoot},
	Booktitle = {Robotics and Automation (ICRA), 2011 IEEE International Conference on},
	Date-Added = {2016-06-12 21:18:26 +0000},
	Date-Modified = {2016-06-12 21:19:13 +0000},
	Doi = {10.1109/ICRA.2011.5979612},
	Issn = {1050-4729},
	Keywords = {SLAM (robots);computer vision;image classification;iterative methods;statistical analysis;batch alignment problem;batch heterogeneous outlier rejection;computer vision;feature-poor SLAM;heterogeneous measurements;iterative reclassification;localization;mapping;outlier classification;pairwise RANSAC;sparse features;statistical validation;Computational modeling;Extraterrestrial measurements;Measurement uncertainty;Noise;Noise measurement;Technological innovation;Uncertainty},
	Month = {May},
	Pages = {2630-2637},
	Title = {Batch heterogeneous outlier rejection for feature-poor SLAM},
	Year = {2011},
	Bdsk-Url-1 = {http://dx.doi.org/10.1109/ICRA.2011.5979612}}

@inproceedings{TRAWNY-06,
	Address = {Orlando, FL},
	Author = {Nikolas Trawny and Stergios I. Roumeliotis},
	Booktitle = {IEEE Int. Conf. on Robotics and Automation},
	Date-Added = {2010-01-11 10:01:56 +0100},
	Date-Modified = {2010-06-27 13:33:11 +0200},
	Month = {May 15 - May 19},
	Pages = {1923-1929},
	Title = {A Unified Framework for Nearby and Distant Landmarks in Bearing-Only {SLAM}},
	Volume = {1},
	Year = {2006}}

@techreport{TRAWNY-05-QUAT,
	Abstract = {{This technical report reviews quaternion algebra, like quaternion multiplication, inverse, relation to the rotational matrix, quaternion differentiation, integration and multiplicative error quaternions. It then uses these derivations as a basis for deriving an extended Kalman filter for 3D attitude estimation from an IMU (3-axial gyroscope). Gyro biases are modeled as brownian motion.}},
	Author = {Trawny, Nikolas and Roumeliotis, Stergios I.},
	Citeulike-Article-Id = {10013052},
	Citeulike-Linkout-0 = {http://www-users.cs.umn.edu/~trawny/Publications/Quaternions_Techreport.htm},
	Date-Added = {2014-09-28 19:04:10 +0000},
	Date-Modified = {2014-09-28 19:04:35 +0000},
	Institution = {University of Minnesota, Dept. of Comp. Sci. \& Eng.},
	Keywords = {attitude, kalman, quaternion},
	Month = mar,
	Number = {2005-002},
	Pdf = {http://www-users.cs.umn.edu/\~{}trawny/Publication/Quaternions\_3D.pdf},
	Posted-At = {2011-11-11 01:58:35},
	Priority = {2},
	Title = {Indirect {K}alman Filter for {3D} Attitude Estimation},
	Url = {http://www-users.cs.umn.edu/~trawny/Publications/Quaternions_Techreport.htm},
	Year = {2005},
	Bdsk-Url-1 = {http://www-users.cs.umn.edu/~trawny/Publications/Quaternions_Techreport.htm}}

@article{ILA-11,
	Author = {V. S. Ila and J.M. Porta and J. Andrade-Cetto},
	Date-Added = {2015-06-02 11:25:27 +0000},
	Date-Modified = {2019-01-07 17:59:01 +0100},
	Journal = {Robotics and Autonomous Systems},
	Number = {5},
	Pages = {310--318},
	Title = {Amortized constant time state estimation in Pose SLAM and hierarchical SLAM using a mixed Kalman-information filter},
	Volume = {59},
	Year = {2011}}

@inproceedings{Vargas-10,
	Author = {Patricia A. Vargas and Alex A. Freitas and MeiYii Lim and Sibylle Enz and Wan Ching Ho and Ruth Aylett},
	Booktitle = {Remembering Who We Are -- Human Memory for Artificial Agents Symposium},
	Date-Added = {2016-06-12 19:58:21 +0000},
	Date-Modified = {2016-06-12 20:00:29 +0000},
	Title = {Forgetting and Generalisation in Memory Modelling for Robot Companions: a Data Mining Approach},
	Year = {2010}}

@article{VIDAL-CALLEJA-11b,
	Author = {Vidal, Teresa and Berger, Cyrille and Sola, Joan and Lacroix, Simon},
	Doi = {10.1007/978-3-642-19457-3_40},
	Isbn = {http://id.crossref.org/isbn/978-3-642-19457-3},
	Issn = {1610-742X},
	Journal = {Springer Tracts in Advanced Robotics},
	Pages = {681--696},
	Publisher = {Springer Science + Business Media},
	Title = {Environment Modeling for Cooperative Aerial/Ground Robotic Systems},
	Url = {http://dx.doi.org/10.1007/978-3-642-19457-3_40},
	Year = {2011},
	Bdsk-Url-1 = {http://dx.doi.org/10.1007/978-3-642-19457-3_40}}

@article{VIDAL-CALLEJA-11,
	Author = {Teresa Vidal-Calleja and Cyrille Berger and Joan Sol\`a and Simon Lacroix},
	Date-Added = {2011-09-03 19:45:53 +0200},
	Date-Modified = {2012-11-16 16:15:12 +0000},
	Doi = {10.1016/j.robot.2011.05.008},
	Issn = {0921-8890},
	Journal = {Robotics and Autonomous Systems},
	Number = {9},
	Pages = {654-674},
	Title = {Large scale multiple robot visual mapping with heterogeneous landmarks in semi-structured terrain},
	Url = {http://dx.doi.org/10.1016/j.robot.2011.05.008},
	Volume = {59},
	Year = {2011},
	Bdsk-Url-1 = {http://dx.doi.org/10.1016/j.robot.2011.05.008}}

@inproceedings{VIDAL-07,
	Address = {Rome, Italy},
	Author = {Teresa Vidal-Calleja and M. Bryson and Salah Sukkarieh and A. Sanfeliu and J. Andrade-Cetto},
	Booktitle = {Int. Conf. on Robotics and Automation},
	Date-Added = {2007-12-03 17:28:44 +0900},
	Date-Modified = {2011-09-29 20:59:31 +0200},
	Title = {On the Observability of Bearing-only {SLAM}},
	Year = {2007}}

@phdthesis{WANG-04,
	Address = {Pittsburgh, PA},
	Author = {Chieh-Chih Wang},
	Date-Modified = {2007-05-15 15:08:05 +0200},
	Month = {April},
	School = {Robotics Institute, Carnegie Mellon University},
	Title = {Simultaneous Localization, Mapping and Moving Object Tracking},
	Year = {2004}}

@conference{WEINGARTEN-2006-3d,
	Author = {Weingarten, J. and Siegwart, R.},
	Booktitle = {2006 IEEE/RSJ International Conference on Intelligent Robots and Systems},
	Date-Added = {2010-01-06 11:35:05 +0100},
	Date-Modified = {2010-01-06 11:40:29 +0100},
	Pages = {3062-3067},
	Title = {3{D} {SLAM} using planar segments},
	Year = {2006}}

@inproceedings{WILLIAMS10,
	Address = {Anchorage, Alaska},
	Author = {Williams, B. and Reid, Ian},
	Booktitle = {IEEE Int. Conf. on Robotics and Automation},
	Date-Modified = {2011-09-29 20:59:00 +0200},
	Month = {April},
	Pages = {3494-3500},
	Title = {On combining visual SLAM and visual odometry},
	Year = {2010}}

@incollection{YAZELL-09,
	__Markedentry = {[jsola:6]},
	Author = {Yazell, Douglas},
	Booktitle = {Aerospace Sciences Meetings},
	Comment = {doi:10.2514/6.2009-43},
	Doi = {10.2514/6.2009-43},
	Month = jan,
	Owner = {jsola},
	Pages = {--},
	Publisher = {American Institute of Aeronautics and Astronautics},
	Timestamp = {2014.12.12},
	Title = {Origins of the Unusual Space Shuttle Quaternion Definition},
	Url = {http://dx.doi.org/10.2514/6.2009-43},
	Year = {2009},
	Bdsk-Url-1 = {http://dx.doi.org/10.2514/6.2009-43}}
